3266 5084
760 342 975 405 ..52-

298 521 392 598 legem
416 527 556 599 tanquam
580 517 691 578 iustum
716 518 761 578 ius
784 537 799 578 a
823 519 946 578 Creonta
969 517 1079 598 opponi
1102 515 1158 578 iuri
1180 515 1221 577 illi
1244 517 1356 587 divino,
1380 536 1439 596 quo

299 618 360 698 ipsa
385 617 505 678 nitatur.
551 616 675 697 Accepta
703 615 792 695 igitur
814 616 975 677 Hermanni
997 615 1146 678 lenissima
1176 616 1339 678 mutatione
1361 635 1440 697 χρῃ-

300 717 414 790 crusta,
449 715 579 776 'friclinii
612 715 855 795 interpretatione
889 715 1059 788 verborum,
1094 713 1234 776 Bneclvbii
1267 714 1440 776 defensione

300 815 447 878 sententia
478 815 523 875 bt:
556 814 707 878 ‘Eteocleos
736 813 829 876 Creon
856 813 982 894 sepelivit
1010 818 1082 878 iusto
1110 833 1173 876 cum
1195 816 1303 876 iurent
1326 815 1383 894 leqa
1405 814 1440 874 ob

299 933 330 977 eo
353 915 481 994 roqctus‘
498 933 538 975 sc.
561 922 594 974 ut
616 913 692 975 iusta
709 913 843 976 funebria
867 925 1049 986 curarentur,
1074 913 1098 976 si
1120 931 1254 994 pugnans
1277 912 1440 976 cecidisset.

300 1014 412 1088 Quibus
436 1013 526 1074 nolim
550 1031 699 1094 opponere
722 1021 751 1074 et
779 1012 869 1074 latine
899 1013 978 1074 iusto
1004 1031 1071 1074 cunr
1099 1013 1162 1076 iure
1192 1021 1221 1074 et
1248 1013 1344 1075 iusta
1372 1031 1440 1073 cnm

300 1114 361 1194 lege
396 1119 425 1174 et
458 1129 560 1190 graece
594 1108 654 1172 σὺν
687 1107 760 1192 δίκῃ
794 1108 909 1188 δικαίᾳ
943 1110 998 1172 καὶ
1032 1109 1122 1196 νόμῳ
1152 1111 1295 1194 δικαίῳ
1319 1111 1441 1174 dicenda

300 1215 406 1288 fuisse,
435 1232 501 1274 curn
525 1210 613 1273 verba
637 1230 689 1292 per
711 1211 834 1292 liguram
859 1231 932 1292 quae
955 1219 1075 1274 vocatur
1100 1208 1168 1275 ἀπὸ
1192 1213 1304 1276 κοινοῦ
1326 1211 1443 1274 defendi

300 1312 424 1394 possint.
463 1311 520 1372 Sed
539 1312 632 1372 multo
653 1311 745 1392 magis
767 1311 914 1372 sententia
938 1331 1011 1392 quae
1034 1311 1161 1374 eflicitur
1182 1295 1325 1375 oll'endor.
1364 1310 1440 1386 Quid

301 1413 378 1474 enim
413 1411 541 1490 ineptius
573 1418 631 1485 est,
666 1429 754 1491 qnam
791 1409 845 1471 boc
878 1412 976 1490 priore
1009 1411 1123 1492 periodi
1153 1412 1285 1474 membro
1320 1409 1441 1472 concedi

303 1511 447 1574 Eteoclem
481 1510 559 1572 iusto
596 1529 661 1572 cum
696 1509 758 1571 iure
792 1530 806 1572 a
838 1509 965 1572 Creonte
993 1511 1110 1592 petisse,
1145 1521 1178 1573 nt
1204 1532 1271 1574 eum
1295 1509 1441 1591 sepeliret.

198 1611 202 1620 ’
302 1609 451 1690 Numquid
473 1609 502 1670 id
526 1610 617 1671 refert
645 1609 674 1670 in
702 1609 757 1670 bac
785 1610 998 1671 sententiarum
1022 1608 1119 1674 serie?
1163 1613 1225 1674 lmo
1253 1630 1322 1674 vero
1346 1609 1442 1670 Creon

302 1709 378 1771 iusto
401 1728 468 1770 cnm
491 1708 555 1770 iure
579 1715 730 1770 mortuum
754 1707 893 1788 sepelisse
917 1709 1056 1772 dicendus
1081 1720 1144 1772 est,
1173 1711 1273 1792 ltaque
1296 1711 1332 1772 de
1354 1728 1441 1772 versu

304 1809 487 1870 emendando
517 1808 709 1888 desperantes
733 1808 866 1869 Wunder
893 1815 923 1869 et
950 1809 997 1870 alii
1021 1809 1176 1872 delendum
1201 1818 1385 1885 statuerunt,
1413 1808 1441 1869 id

302 1909 380 1989 quod
411 1916 475 1970 turn
504 1909 624 1970 demum
654 1907 742 1969 statui
773 1906 876 1981 debet,
910 1925 977 1968 cnm
1007 1927 1107 1970 versus
1136 1927 1168 1971 re
1196 1929 1262 1970 vera
1291 1907 1442 1970 emendari

302 2015 352 2068 aut
376 2007 512 2088 explicari
536 2007 648 2088 nequit.
694 2007 731 2068 Ut
760 2015 857 2067 autem
889 2005 1013 2068 aliorum
1043 2007 1227 2070 coniecturas
1250 2019 1442 2090 praeteream,

302 2108 461 2189 χρησδείς
482 2105 569 2177 illud,
596 2124 654 2186 quo
676 2113 792 2185 praeter
814 2125 922 2186 paucos
946 2125 1034 2167 nemo
1058 2107 1160 2169 doctus
1184 2127 1244 2170 non
1267 2107 1442 2178 offendebat,

303 2224 338 2266 ex
359 2201 471 2288 χρήσει
494 2213 666 2284 corruptum
690 2223 754 2266 esse
776 2203 901 2266 coniecit
916 2205 950 2266 N.
966 2205 1086 2287 Madvig,
1110 2207 1292 2269 clarissimus
1314 2208 1362 2269 ille
1384 2205 1442 2267 cri-

301 2306 377 2367 ticus
408 2304 591 2366 llavniensis.
645 2307 710 2379 Quo
740 2305 812 2366 nilril
840 2305 911 2366 artis
940 2305 1195 2387 palaeographicae
1224 2307 1338 2388 legibus
1365 2311 1444 2368 factu

303 2413 349 2466 est
380 2404 501 2466 facilins.
547 2403 670 2464 Litteras
705 2403 784 2464 enim
809 2405 835 2464 δ
863 2412 892 2465 et
920 2419 940 2464 σ
969 2423 1004 2465 ex
1035 2405 1232 2486 dittographia
1266 2413 1347 2468 ortas
1380 2423 1443 2466 esse

303 2505 466 2566 litterarum
484 2518 520 2564 σε
543 2503 628 2564 facile
650 2503 832 2583 cognoveris,
855 2521 922 2564 cum
940 2510 1096 2585 utramque
1120 2525 1221 2567 vocem
1244 2505 1348 2566 litteris
1371 2523 1444 2586 quas

303 2609 408 2665 vocant
420 2601 583 2663 uncialibus
596 2611 742 2664 exaratam
755 2601 854 2663 animo
866 2601 918 2664 tibi
931 2601 1444 2682 trugas,rrrrrcue10,xrflcer.

304 2703 392 2764 Plane
420 2701 510 2781 igitur
536 2701 682 2764 assentior
704 2701 847 2781 Madvigio
873 2699 985 2785 χρήσει
1008 2721 1063 2782 pro
1085 2706 1245 2787 χρησθείς
1267 2703 1450 2777 emendanti,

304 2800 461 2862 conicienti
493 2794 592 2883 τύχης
624 2819 678 2880 pro
712 2798 786 2882 δίκῃ
820 2800 898 2860 idem
932 2802 1018 2881 plane
1040 2802 1192 2866 dissentio.
1239 2803 1345 2885 Neque.
1363 2803 1443 2865 eninr

303 2901 381 2962 inste
404 2900 558 2961 fortuna
580 2899 625 2962 uti
647 2900 743 2962 Creon
766 2899 821 2961 nisi
844 2899 956 2962 ironice
984 2901 1019 2962 ab
1043 2902 1188 2982 Antigona
1212 2903 1269 2964 dici
1291 2903 1388 2983 potuit
1416 2911 1444 2963 et

303 2997 400 3082 τύχης
423 3016 494 3062 num
517 2999 548 3060 in
571 2993 646 3082 δίκῃ
670 3007 843 3080 corruptum
873 3019 939 3062 esse
967 3000 1025 3062 veri
1054 3002 1148 3063 simile
1170 3002 1224 3076 sit,
1253 3002 1444 3064 vehementer

304 3100 416 3162 dubito.
466 3099 557 3160 llnlto
590 3097 704 3160 facilius
738 3095 813 3180 δίκῃ
848 3117 884 3159 ex
914 3100 1050 3177 genetivo
1084 3097 1201 3184 δίκης
1234 3100 1304 3162 oriri
1337 3101 1442 3181 potuit.

184 3273 187 3283 Ι
304 3203 385 3275 Quae
407 3197 532 3259 mutatio
557 3197 727 3259 litterarum
756 3196 829 3258 Cet
854 3201 870 3258 l
897 3199 1050 3279 adscripti,
1081 3217 1169 3280 quam
1192 3201 1331 3281 frequens
1353 3201 1391 3261 sit
1414 3200 1444 3260 in

303 3296 450 3359 veteribus
479 3295 561 3358 libris
583 3313 676 3358 manu
703 3295 836 3376 scriptis,
864 3306 970 3358 notnm
1000 3307 1045 3359 est
1070 3299 1187 3361 criticis.
1232 3299 1333 3380 ltaque
1356 3299 1446 3361 habe-

307 3417 373 3459 mus
395 3395 552 3458 formulam

405 3529 465 3593 σὺν
487 3528 602 3614 δίκης
622 3525 635 3614 ll
654 3525 791 3614 χρήσει
815 3529 931 3610 δικαίᾳ
954 3529 1009 3592 καὶ
1032 3527 1122 3616 νόμῳ

307 3695 336 3748 et
357 3685 550 3748 sententiam:
575 3686 654 3746 ‘cum
675 3688 748 3747 insto
769 3688 844 3747 iuris
864 3704 919 3747 usu
941 3697 967 3747 et
988 3684 1069 3766 leqc'.

367 3795 370 3802 “
389 3785 471 3856 Quae
487 3783 572 3844 verba
588 3798 617 3844 σ.
634 3780 664 3844 δ.
680 3803 727 3864 χρ.
744 3782 774 3846 δ.
790 3784 862 3846 nibil
886 3784 964 3845 alind
979 3785 1037 3845 nisi
1052 3801 1167 3864 gravem
1184 3793 1272 3865 atque
1288 3801 1444 3847 nervosam

306 3884 383 3946 vocis
405 3881 479 3966 δίκη
503 3881 805 3961 circumlocutionem,
829 3893 920 3946 totam
943 3885 1100 3945 formulam
1125 3870 1247 3945 eandem
1270 3893 1443 3964 essentque

304 3980 380 4064 δίκῃ
403 3982 458 4044 καί
479 3977 583 4065 νόμῳ,
607 3987 685 4044 ‘iure
706 3994 733 4045 et
754 3981 824 4061 lcpe’
847 3992 977 4064 apparet.
1015 3985 1078 4058 Qua
1094 3983 1130 4043 dc
1145 3983 1183 4044 cf.
1200 3983 1335 4044 Lobecltii
1358 4003 1443 4064 para-

305 4082 353 4160 lip.
371 4081 476 4161 11:535
493 4091 554 4144 not.
591 4083 687 4144 lronia
707 4083 792 4163 plane
814 4081 915 4158 abest;
937 4101 1004 4144 narn
1021 4082 1166 4162 Antigona
1182 4084 1337 4146 Creontem
1364 4093 1444 4146 recte

306 4185 409 4252 facere,
434 4182 511 4260 qnod
535 4181 684 4244 Eteoclem
707 4182 888 4261 sepeliverit,
918 4181 1025 4242 diserte
1048 4183 1232 4263 comprobat,
1256 4192 1344 4263 negat
1365 4191 1444 4246 recte

308 4280 434 4342 vetuisse
457 4300 494 4344 ne
517 4281 671 4360 Polynices
694 4279 861 4360 sepeliatur.
905 4280 982 4343 Tota
1009 4281 1100 4361 igitur
1129 4283 1234 4344 horum
1263 4292 1293 4343 et
1315 4303 1441 4364 sequen-

307 4379 380 4442 tium
403 4397 539 4442 versuum
564 4379 711 4441 sententia
738 4388 797 4442 est:
826 4379 984 4443 ‘nuenton
1004 4399 1022 4442 a
1046 4380 1165 4443 Creonte
1185 4384 1248 4442 ture
1270 4393 1297 4444 et
1319 4381 1376 4463 iope
1397 4401 1443 4444 sc-

304 4479 417 4560 pultum
439 4499 495 4542 essa
517 4480 624 4549 dicunt,
646 4489 680 4539 nt
700 4482 735 4540 sa't
758 4480 860 4559 inseris
882 4484 936 4541 rite
957 4480 1100 4560 sepadtue,
1121 4495 1221 4540 omum
1243 4483 1340 4540 mucra·
1359 4481 1443 4559 Pulp-
