3268 5072
769 360 990 424 -30..

311 551 364 594 cnr
384 533 474 612 igitur
496 534 560 614 ipse
584 533 770 614 potissimum
797 551 851 616 pro
880 555 948 616 rege
975 536 1155 617 interempto
1184 557 1220 599 ex
1243 537 1367 619 antiquo
1397 539 1445 602 illo

311 647 420 710 genere
455 632 616 695 clarissimo
653 643 734 705 orto,
770 653 814 695 vr.
842 634 903 696 267
924 654 979 716 sq,
1018 645 1145 716 pugnet,
1188 636 1329 700 continuo
1367 637 1447 700 addit

310 750 354 793 vr.
372 730 548 806 269-272,
575 751 608 795 00
635 733 672 796 110
695 733 745 814 001
767 729 987 813 1100010οὖ00)
1010 752 1072 796 non
1094 743 1190 814 agant,
1218 736 1301 798 adis
1323 736 1446 817 precari,

185 899 192 916 ⁸
310 851 348 894 ne
369 831 470 912 fruges
493 841 571 893 terra
593 831 724 912 proferat
745 833 818 895 ullas
840 851 913 895 nere
936 834 1074 896 muheres
1089 834 1206 914 parient
1227 835 1373 909 subolem,
1396 835 1448 898 sed

310 933 411 995 eedem
445 951 502 1013 qna
532 949 613 993 nunc
644 931 823 994 afflictentur
856 932 1003 996 intereant
1033 934 1081 995 lue
1104 935 1146 995 vel
1169 934 1256 996 etiam
1288 934 1447 998 acerbiore.

309 1032 387 1094 llaec
408 1050 476 1094 vero
498 1030 534 1093 iis
558 1049 633 1112 quae
660 1031 793 1111 proxime
819 1032 1001 1112 praecedunt
1024 1051 1085 1094 non
1116 1033 1234 1113 adiungi
1263 1052 1366 1113 posse,
1395 1033 1448 1094 sed

309 1131 408 1211 potius
430 1129 465 1191 iis
488 1147 563 1210 quae
585 1147 629 1191 vv.
646 1128 815 1191 222ω243
838 1131 916 1192 diota
947 1132 1008 1193 0101
1031 1132 1222 1194 manifestum
1244 1142 1298 1195 est.
1343 1132 1449 1213 Neque

308 1229 446 1309 intellego
479 1247 537 1310 quo
576 1229 663 1290 modo
692 1229 901 1292 exsecrationis
930 1231 1053 1292 extremi
1082 1249 1185 1294 versus
1208 1229 1376 1293 273-275
1411 1229 1448 1294 110

310 1329 360 1408 001
390 1347 471 1392 0000
497 1329 652 1409 praemissi
679 1336 751 1391 sont
781 1338 849 1410 apte
873 1329 1095 1392 continuentur.
1139 1331 1213 1392 Nam
1237 1351 1263 1392 v.
1278 1329 1340 1392 273
1367 1325 1450 1413 dptr

309 1424 348 1490 dd
374 1437 444 1500 τοῖς
467 1423 599 1491 ἄλλοισι
625 1425 808 1510 Καδμείοις
837 1445 899 1490 000
922 1429 1056 1510 opposita
1078 1437 1150 1492 sunt
1175 1437 1246 1503 τοῖς
1272 1428 1376 1492 ταῦτα
1402 1426 1448 1513 μὴ

310 1522 412 1610 δρῶσι
434 1545 461 1587 v.
477 1526 548 1600 269,
572 1545 675 1588 rerum
697 1547 722 1588 r.
740 1526 802 1589 244
825 1525 887 1606 ἐγώ
909 1527 970 1610 μὲν
993 1521 1059 1591 οὖν.

393 1625 494 1706 Neque
523 1643 591 1705 pars
621 1644 724 1688 eorum
753 1627 804 1707 qui
832 1626 906 1688 nihil
929 1627 1107 1690 mutandum
1130 1636 1254 1690 censent
1275 1643 1450 1708 perversum

309 1741 375 1785 esse
403 1725 616 1787 sententiarum
644 1724 777 1786 ordinem
800 1735 896 1805 negat,
925 1727 977 1788 sed
1000 1727 1184 1790 contendunt
1205 1746 1305 1807 regem
1327 1733 1449 1806 propter
1484 1723 1487 1729 ’

310 1841 343 1884 00
376 1823 456 1904 quod
489 1824 526 1885 de
559 1823 682 1886 civitatis
714 1823 810 1888 salute
840 1824 970 1886 maxime
1003 1825 1175 1890 sollicitatus
1209 1827 1248 1890 sit
1279 1825 1449 1907 perturbate

309 1922 399 2003 loqui.
443 1922 479 1984 ht
500 1922 631 2004 primum
651 1923 820 1986 solliditudo
835 1943 979 2004 personae
999 1924 1127 2006 tragicae
1143 1925 1267 2009 exprimi
1291 1943 1351 1988 non
1372 1925 1448 1986 solet

309 2040 325 2084 a
348 2021 443 2104 poetis
465 2022 621 2084 sententiis
643 2023 774 2087 confusis
797 2031 886 2105 atque
908 2023 1095 2103 perturbatis,
1119 2025 1177 2087 nisi
1199 2025 1276 2088 lortc
1296 2024 1447 2086 insanien-

308 2127 370 2182 tem
402 2139 467 2185 eam
499 2121 656 2184 linxerunt
701 2122 814 2187 Deinde
846 2123 923 2202 regis
956 2123 1122 2186 sollicitudo
1156 2124 1250 2188 maior
1282 2131 1327 2186 est
1355 2141 1447 2203 quum

309 2220 441 2300 primum
464 2221 573 2284 audivit
594 2221 631 2284 de
653 2239 741 2284 causa
764 2221 874 2293 morbi,
903 2223 993 2286 etiam
1021 2223 1118 2286 maior
1146 2241 1240 2304 quum
1269 2222 1390 2286 Creonti
1419 2228 1448 2284 et

309 2318 439 2382 Tiresiae
469 2326 638 2396 succenset,
672 2337 772 2401 neque
804 2329 904 2384 tamen
939 2321 1005 2384 ullis
1038 2321 1194 2384 sententiis
1226 2321 1404 2402 perturbatis
1433 2339 1448 2384 a

309 2427 395 2498 poeta
417 2417 608 2498 significatur.
653 2419 729 2482 Tum
752 2426 869 2482 tantum
893 2421 976 2484 abest
998 2429 1032 2484 ut
1052 2439 1104 2484 rex
1118 2421 1313 2486 sollicitudine
1328 2421 1449 2483 allectus

309 2516 356 2594 sit,
383 2525 418 2580 ut
438 2517 596 2598 tranquille
618 2526 649 2586 et
677 2518 861 2582 considerate
883 2539 959 2600 quae
990 2520 1099 2584 sentiat
1126 2529 1263 2602 exponat.
1308 2521 1349 2584 Cf.
1372 2538 1449 2602 quae

309 2615 394 2677 initio
416 2617 504 2678 huius
526 2617 792 2698 disputatiunculae
819 2619 1029 2681 enarravimus.
1073 2619 1175 2702 ltaque
1197 2619 1390 2692 Heinemann‚
1412 2618 1448 2680 ad

310 2713 372 2776 crit.
389 2716 478 2778 aesth.
497 2716 569 2778 0ed.
586 2716 653 2796 Reg.
670 2716 823 2796 Brunsvig.
843 2715 933 2792 1858,
955 2718 1126 2782 lacunosam
1147 2718 1248 2782 hebuit
1271 2719 1447 2782 orationem.

308 2814 377 2876 Tale
399 2815 471 2896 quid
486 2834 554 2877 vero
576 2824 641 2878 tum
665 2818 785 2880 demum
809 2817 1001 2880 statuendum
1024 2825 1077 2894 est,
1095 2837 1186 2900 quum
1202 2819 1256 2882 alia
1273 2815 1449 2880 emendandi

308 2914 383 2976 ratio
411 2914 474 2976 lieri
502 2915 616 2996 nequit.
662 2915 782 3000 Optimo
815 2916 907 2996 igitur
934 2917 998 2980 iure
1026 2917 1074 2980 alii
1101 2937 1203 2980 versus
1231 2919 1262 2980 in
1288 2916 1448 2999 pristinum

308 3021 337 3074 et
360 3013 410 3094 qui
433 3033 520 3076 sanae
541 3013 745 3096 dispositionis
768 3015 880 3096 legibus
901 3016 1078 3097 respondeat
1094 3017 1227 3078 ordinem
1243 3016 1447 3094 retingendum

309 3131 372 3174 esse
414 3119 546 3175 censent.
606 3112 739 3186 Quorum
780 3113 969 3176 cautissimus
1007 3114 1178 3196 Bernhardy
1213 3115 1243 3176 in
1282 3113 1352 3175 hist.
1392 3113 1447 3174 litt.

309 3211 410 3274 Graec.
426 3211 462 3282 11,
484 3211 513 3286 2,
534 3232 563 3292 p.
580 3211 641 3274 326
669 3213 740 3276 satis
769 3211 874 3276 hahuit
901 3214 981 3278 001οο
1004 3234 1048 3276 vv.
1065 3215 1182 3296 24400.
1214 3215 1250 3276 ad
1279 3213 1371 3275 linem
1394 3231 1445 3274 ex-

308 3311 480 3374 secrationis
503 3319 571 3392 post
592 3331 618 3372 v.
640 3309 701 3371 272
725 3313 884 3376 retrahere.
921 3313 975 3376 llic
997 3313 1085 3395 igitur
1108 3333 1191 3395 quae·
1205 3331 1258 3392 ego
1281 3314 1317 3374 de
1332 3311 1448 3375 ratione

308 3411 521 3492 pronominum
544 3407 606 3488 1γώ
630 3413 690 3492 μέν
712 3431 738 3472 0.
755 3412 817 3474 244
841 3407 1156 3495 0111010610273
1180 3431 1269 3493 supra
1292 3411 1362 3482 dixi,
1390 3410 1449 3472 iam

309 3509 452 3589 cognovit.
501 3509 592 3571 Maur.
624 3509 756 3573 Schmidt
790 3531 883 3593 quum
917 3513 948 3575 in
985 3511 1082 3574 annal.
1116 3512 1207 3574 schol.
1241 3512 1340 3573 hustr.
1367 3508 1448 3572 1864

309 3627 338 3690 p.
356 3609 471 3690 10000.
496 3628 539 3670 vv.
555 3607 674 3691 24400.
691 3609 903 3672 01269-272
927 3610 1090 3692 permutari
1112 3609 1207 3695 iussit,
1230 3619 1260 3672 et
1282 3609 1339 3672 illis
1354 3608 1449 3671 versi-

308 3708 364 3770 bus
384 3707 462 3787 regis
485 3708 718 3771 exsecrationem
741 3711 876 3773 concludi
900 3719 928 3773 et
950 3711 1005 3774 hos
1028 3729 1131 3773 versus
1153 3709 1287 3772 versibus
1308 3708 1370 3770 246
1383 3725 1448 3788 sqq.

309 3807 539 3886 praemittendos
568 3827 632 3892 esse
660 3811 818 3890 perspexit.
864 3810 948 3884 Quod
976 3809 1034 3872 ianr
1064 3807 1213 3872 vocabulis
1243 3810 1374 3871 intense
1398 3825 1448 3868 ex-

309 3905 484 3985 cipientibus
505 3901 642 3989 06χο0100
660 3928 684 3969 v.
701 3907 774 3982 269,
797 3903 996 3990 κατεύχομαι
1012 3927 1038 3968 v.
1056 3908 1127 3980 246,
1150 3899 1336 3990 ἐπεύχομαι
1347 3926 1373 3968 r.
1387 3905 1448 3967 249

309 4005 539 4068 demonstratur.
576 4006 712 4078 Quorum
727 4017 852 4088 uterque
874 4015 985 4068 rectam
1002 4007 1179 4068 emendandi
1204 4007 1278 4069 riam
1296 4007 1447 4086 ingressus

310 4112 408 4166 cetera
441 4121 514 4184 quae
550 4104 706 4167 offendunt
732 4105 860 4186 reliquit.
904 4103 936 4166 B.
960 4113 1059 4166 autem
1082 4104 1160 4166 Todt
1181 4105 1211 4166 in
1235 4105 1333 4167 annal.
1356 4105 1448 4166 schol.

310 4203 403 4264 Berol.
431 4220 461 4265 n.
490 4223 514 4266 s.
541 4201 621 4265 1867
636 4203 693 4284 lp.
710 4205 768 4266 221
805 4205 1018 4285 comprobante
1047 4205 1080 4266 Α.
1108 4203 1239 4266 Nauokio
1268 4221 1312 4266 rr.
1329 4202 1447 4286 24400.

309 4300 507 4364 1010110261
532 4311 562 4364 01
584 4319 610 4364 v.
632 4302 693 4364 273
727 4304 912 4366 collocandos
945 4311 1056 4366 censet
1104 4303 1142 4364 tt
1168 4320 1237 4364 vero
1269 4302 1326 4365 hac
1352 4303 1447 4366 inter-

309 4401 456 4482 positione
472 4422 516 4464 vv.
532 4397 701 4463 246-268
724 4402 775 4483 001
796 4403 944 4464 artissime
966 4403 1045 4474 inter
1066 4421 1099 4465 se
1121 4402 1280 4464 cohaerent
1301 4401 1447 4466 dirimun-

309 4508 367 4575 tur,
390 4519 483 4582 quum
506 4500 596 4564 10110
618 4500 826 4565 contineantur
845 4496 1009 4582 homicidae
1032 4501 1193 4566 exsecratio
1210 4501 1252 4563 v'r.
1269 4501 1447 4578 246-248,
