3268 5072
734 311 955 376 -16-

276 477 420 564 ιῦνῶμαι
447 481 615 562 corrigenti,
643 484 679 546 ci.
704 503 729 546 r.
756 484 846 558 1206,
875 493 1014 568 κιίμαι
1041 480 1076 547 δ’
1099 475 1280 568 αἷμέριμνος
1303 477 1413 556 οὕτως,

277 579 411 644 eiusdem
434 581 517 644 chori
538 581 636 646 rerba.

360 681 418 746 Sed
441 681 499 744 iam
521 689 636 744 restant
657 681 744 744 verba
767 680 939 762 gravissime
962 689 995 744 ut
1016 681 1165 763 plerisque
1188 680 1325 746 videntur
1346 698 1413 744 eor-

276 787 364 861 rupta
387 787 418 842 et
439 780 475 842 ab
498 780 561 844 aliis
584 780 669 846 aliter
690 787 801 846 tentata
824 789 913 863 atque
936 781 1106 861 coniugata:

370 922 490 990 Ἰδαίαι
512 929 642 1011 μίμνων
663 925 831 1011 λειμωνία,
845 930 944 991 noina
966 923 1079 1013 μήλων
1101 921 1301 1012 δνήριδμος.

278 1085 409 1148 Fuerunt
438 1085 557 1166 quidem
591 1085 642 1167 qui
674 1095 749 1166 part.
772 1087 910 1168 μίμνων,
943 1086 1024 1167 quod
1053 1086 1168 1150 dativus
1185 1079 1293 1166 Ἰδαία
1320 1091 1416 1149 metro

276 1185 456 1260 adversatur,
480 1204 548 1247 cum
571 1185 734 1247 accusativo
755 1177 860 1248 Ἰδαῖα
875 1185 1066 1248 coniunctum
1083 1186 1201 1259 vellent,
1225 1194 1259 1248 ut
1281 1185 1417 1250 hocloco

276 1283 340 1346 eius
373 1284 416 1347 vis
451 1293 529 1346 esset
557 1284 807 1364 exspectandi.
852 1284 937 1358 Quod
969 1283 1197 1366 haudquaquam
1218 1281 1415 1366 probaverim.

277 1382 351 1454 Nam
388 1382 518 1464 primum
554 1401 587 1448 se
624 1390 793 1466 exspectare
827 1383 940 1450 ‚chorus
977 1381 1022 1445 bis
1058 1382 1282 1464 pronuntiasset
1301 1382 1416 1452 ‚verbis

276 1482 407 1564 μίμνων
421 1501 485 1564 sqq.
509 1489 539 1543 et
560 1473 672 1544 ἐλπίδ’
696 1477 778 1560 ἔχων
792 1497 857 1564 sqq.
901 1479 1012 1544 Deinde
1035 1478 1196 1563 λειμωνία
1218 1489 1247 1543 et
1270 1500 1345 1564 quae
1367 1501 1416 1543 se-

276 1589 411 1662 quuntur
444 1581 482 1642 ita
518 1585 590 1644 srrnt
622 1581 776 1654 mutanda,
813 1587 848 1642 ut
880 1579 916 1642 ad
948 1579 1055 1643 Troiae
1093 1580 1278 1642 eversionem
1312 1579 1417 1642 referri

277 1681 402 1760 possint.
447 1677 535 1753 Quod
562 1697 654 1762 quum
682 1687 804 1762 propter
825 1677 950 1742 traditos
979 1679 1144 1740 litterarum
1167 1677 1273 1741 ductus
1300 1679 1417 1759 pericu-

275 1777 337 1840 losa
360 1797 408 1840 res
432 1785 487 1850 est,
508 1785 575 1842 tum
597 1786 719 1860 propter
733 1775 946 1840 obscuritatem
970 1797 1045 1858 quae
1071 1775 1198 1840 efficitur
1221 1777 1283 1838 fieri
1300 1777 1414 1860 nequit.

278 1876 351 1939 Nam
384 1875 480 1939 verbis
508 1869 614 1938 Ἰδαία
644 1877 754 1960 μίμνω
788 1869 940 1959 λειμωνί’
974 1871 1102 1940 ἄποινα
1131 1910 1172 1920 -
1201 1875 1241 1938 ita
1272 1875 1351 1940 enim
1382 1896 1417 1937 ex

278 1976 440 2040 Hermanni
462 1976 630 2039 coniectura
660 1975 816 2056 legendum
840 1983 946 2057 putant
968 2011 1007 2019 -
1032 1993 1121 2037 nemo
1143 1975 1201 2037 nisi
1223 1975 1345 2056 eductus
1367 1975 1417 2037 in-

276 2075 393 2155 telleget
419 2075 498 2136 hane
524 2076 623 2138 inesse
652 2075 846 2138 sententiam:
879 2079 1022 2156 ‘poenam
1057 2091 1164 2136 maneo
1195 2093 1285 2154 quam
1302 2074 1416 2137 ”daturi

276 2181 347 2236 sunt
375 2173 511 2246 Troiani,
546 2173 607 2236 scil.
630 2171 716 2235 Troia
745 2193 853 2248 eversa,
886 2192 940 2254 pro
975 2173 1125 2236 aerumnis
1155 2191 1229 2255 quae
1258 2193 1417 2256 perpessus

276 2289 353 2344 sum,
388 2273 457 2334 dum
485 2271 517 2333 in
544 2271 637 2352 pratis
665 2271 806 2336 consedi'.
851 2273 933 2346 Quae
964 2291 1057 2354 quum
1084 2271 1231 2334 reicienda
1259 2272 1320 2334 sint
1342 2292 1417 2356 eque

276 2369 381 2434 formis
413 2371 579 2433 litterarum
611 2371 726 2434 traditis
759 2369 783 2433 is
810 2389 917 2433 sensus
946 2370 1059 2452 requiri
1086 2370 1234 2444 videatur,
1269 2391 1359 2452 quem
1385 2371 1418 2435 in

276 2469 422 2551 principio
445 2469 655 2544 enarravimus,
685 2470 731 2532 his
753 2469 849 2532 verbis
872 2469 981 2545 locum,
1013 2469 1063 2532 ubi
1086 2469 1194 2532 chorus
1222 2489 1254 2532 se
1282 2489 1416 2534 eommo-

277 2569 335 2630 rari
368 2568 452 2643 dicat,
485 2576 567 2650 patet
598 2568 730 2630 indicari.
782 2569 840 2630 Sed
873 2561 1001 2650 μίμνων
1035 2585 1102 2631 curn
1136 2576 1182 2632 est
1214 2557 1294 2632 idem
1329 2579 1418 2651 atque

273 2685 443 2748 permonere
465 2667 597 2749 iungitur
618 2686 686 2730 oum
709 2664 745 2730 ἐν
760 2687 828 2730 cum
851 2667 946 2729 dativo
970 2669 1015 2730 vel
1037 2687 1073 2730 er
1095 2667 1253 2731 Homerico
1276 2669 1416 2749 loquendi

276 2785 334 2829 usu
367 2786 435 2829 cum
469 2767 523 2830 soli
559 2766 657 2828 dativo
691 2767 742 2847 qui
775 2765 882 2828 dicitur
915 2767 1011 2830 localis
1064 2765 1218 2846 Ingeniosa
1251 2767 1341 2849 igitur
1373 2775 1418 2830 est

277 2866 395 2946 Bergkii
416 2866 566 2930 lenissima
588 2883 622 2928 ac
642 2883 737 2946 paene
764 2866 845 2928 nulla
867 2866 992 2928 mutatio
1010 2860 1185 2930 ’lAAlAL
1229 2868 1331 2948 ltaque
1357 2867 1416 2930 iam

278 2963 421 3028 hahemus
449 2960 565 3045 Ἰδᾷδι,
598 2984 640 3027 sc.
668 2962 722 3053 γῇ,
762 2957 893 3048 μίμνων
925 2965 958 3027 ἰιι
991 2972 1068 3027 terra
1101 2965 1185 3028 idaea
1220 2984 1416 3040 commorans,

278 3059 422 3127 oi'sehol.
444 3063 530 3127 Laur.
550 3055 664 3141 Ἰδαίᾳ]
689 3063 728 3151 τῇ
753 3063 894 3152 Τρωικῇ.
931 3065 1033 3144 Neque
1052 3071 1153 3125 tamen
1177 3063 1282 3127 ceteris
1297 3083 1416 3145 quoque

277 3163 469 3237 accesserim,
498 3181 573 3244 quae
603 3163 646 3224 vir
675 3163 752 3225 doct.
781 3172 814 3226 ut
842 3163 1011 3226 emendaret
1037 3171 1212 3243 corruptum
1239 3163 1337 3226 locum
1365 3183 1418 3225 ex-

279 3261 425 3340 cogitavit.
473 3261 633 3342 Proposuit
666 3261 744 3323 enim
779 3261 917 3344 χειμῶνι
944 3257 1016 3340 πόᾳ
1041 3281 1078 3323 τε
1111 3263 1298 3344 conferrique
1330 3263 1418 3326 iussit

278 3359 383 3423 Rhiani
404 3361 483 3441 apud
503 3359 680 3424 Pausaniam
701 3360 747 3434 lv,
772 3362 873 3436 tro:
907 3356 1049 3443 χείματά
1080 3381 1115 3423 rs
1148 3356 1249 3436 ποίας
1281 3381 1316 3424 τε
1349 3357 1417 3424 ooo

278 3457 334 3522 καὶ
360 3459 497 3524 εἴκοσιν.
542 3459 600 3522 Sed
629 3479 663 3522 ea
687 3459 858 3524 coniectura
890 3467 1011 3542 recepta
1041 3469 1114 3524 nova
1146 3461 1292 3544 temporis
1323 3461 1419 3542 signi-

278 3557 375 3621 ficatio
397 3565 486 3638 atque
507 3557 620 3621 inutilis
642 3558 707 3620 loco
730 3559 866 3638 adigitur.
906 3559 981 3624 Nam
1004 3559 1100 3622 verbis
1122 3553 1269 3634 παλαιδς
1292 3553 1355 3644 ἀφ’
1379 3551 1419 3624 οὗ

278 3651 393 3740 χρόνος
415 3663 446 3719 et
467 3652 572 3742 χρόνῳ
594 3652 802 3741 τρυχόμενος,
825 3656 934 3738 quibus
956 3657 1005 3722 illa
1021 3656 1216 3738 excipiuntur,
1238 3659 1418 3726 diuturnitas

278 3755 423 3839 temporis
456 3755 528 3820 satis
560 3775 711 3838 superque
743 3756 871 3820 indicata
897 3764 943 3822 est
969 3757 1127 3838 omniaque
1155 3757 1284 3822 eliaam
1311 3757 1418 3822 tradita

279 3873 369 3917 manu
396 3855 513 3936 scriptis
542 3863 593 3918 aut
619 3856 797 3919 coniecturis
823 3856 993 3920 criticorum
1020 3856 1109 3918 inlata
1137 3865 1272 3938 tempora
1295 3864 1348 3920 aut
1367 3875 1418 3919 re·

280 3955 425 4018 movenda
446 3963 517 4018 sunt
538 3963 588 4018 aut
609 3955 765 4020 reicienda.
803 3954 920 4027 Quanta
941 3974 1011 4020 vero
1026 3955 1121 4018 evadit
1135 3963 1305 4037 temporum
1320 3954 1418 4018 abun·
1450 3971 1456 3984 ·

279 4052 387 4127 dantia,
409 4053 435 4116 si
460 4045 574 4137 μήλων
601 4054 682 4134 quod
704 4053 788 4116 aliter
809 4071 872 4115 non
898 4054 987 4118 habet
1009 4073 1067 4135 quo
1089 4056 1235 4120 referatur
1254 4055 1287 4120 iu
1307 4054 1419 4138 μηνῶν

280 4157 427 4216 mutatum
451 4171 518 4215 cum
542 4147 729 4236 ἀνήριθμος
757 4150 900 4216 iunxeris!
945 4154 1040 4218 Immo
1070 4173 1139 4216 vero
1166 4154 1254 4218 huius
1283 4153 1418 4218 adiectivi

281 4249 324 4312 vis
351 4269 387 4314 ex
414 4269 514 4314 versu·
528 4250 612 4333 quasi
637 4250 773 4332 parallelo
801 4259 915 4333 κεῖμαι
941 4246 975 4316 δ’
1003 4246 1224 4336 ἀμίριμνος
1246 4253 1418 4335 explicanda

281 4356 335 4423 est,
359 4355 392 4412 ut
406 4349 550 4429 significet
568 4351 604 4412 in
627 4350 729 4414 nullo
750 4369 899 4414 numero
922 4351 1097 4424 habitum,
1119 4354 1156 4416 cl.
1172 4373 1248 4434 quae
1263 4353 1355 4418 Wolff
1365 4353 1417 4418 ad·

281 4448 395 4510 notavit
405 4455 434 4510 et
445 4447 534 4511 schol.
547 4449 634 4514 Laur.
650 4443 850 4534 δνήριθμος·
877 4447 914 4514 δν
929 4445 1039 4516 οὐδενί
1057 4447 1193 4538 ἀριθμῷ
1211 4447 1416 4534 ταττόμενος.
