3268 5072
653 361 872 422 ..17-

278 536 450 598 Emendatis
468 529 571 612 'quidr
604 535 735 616 μίμνων
768 543 796 596 et
829 535 971 615 explicato
1004 529 1190 616 ἆνήριθμος
1223 541 1335 600 restant
1418 507 1431 528 Ι

194 635 282 698 verba
304 631 466 716 λειμωνία
488 635 573 711 ποίᾳ
600 628 720 716 μήλων.
765 635 861 715 Atque
883 633 1050 712 diligentius
1076 633 1122 698 his
1145 635 1241 698 uerbis
1265 635 1334 714 quid

194 735 249 800 sibi
272 734 363 798 velint
385 732 538 814 perpensis
561 739 690 796 statuere
709 733 982 797 commodissimum
1004 733 1118 796 videtur
1140 740 1191 796 aut
1212 752 1245 796 aa
1268 753 1334 796 esse

195 837 347 914 glossema,
371 852 446 913 quae
461 833 612 912 antiquam
634 832 792 896 lectionem
814 833 1023 914 explicaverint
1044 867 1086 878 —
1108 833 1146 894 ita
1170 832 1250 897 enim
1271 851 1333 896 non

195 933 356 996 abhorrent
377 951 393 994 a
415 931 473 996 luci
494 931 642 994 sententia
655 965 697 974 -
712 939 763 994 aut
783 932 847 1012 ipsa
870 949 1048 1012 quamquam
1068 931 1201 1011 paullum
1223 939 1334 997 mutata

196 1033 284 1097 verba
304 1040 417 1114 poetae.
461 1032 535 1097 Nam
557 1030 695 1094 voeabula
718 1031 816 1096 addita
839 1033 875 1094 ad
898 1051 1009 1096 nomen
1030 1030 1158 1114 aliquod,
1181 1051 1256 1114 quae
1278 1049 1334 1094 nos
1387 1015 1390 1022 ¹

195 1133 324 1214 epitheta
358 1131 495 1194 ornantia
528 1131 668 1204 dicimus,
701 1131 719 1192 i.
743 1151 768 1194 e.
792 1130 930 1200 vocabula
958 1131 1076 1212 propria
1104 1138 1133 1194 et
1155 1138 1335 1212 perpetuaa

194 1249 294 1294 rerum
316 1238 421 1295 natura
439 1231 538 1310 petita,
562 1229 690 1294 adhibita
713 1238 745 1292 ut
767 1249 813 1294 res
829 1229 936 1310 quibus
959 1237 1149 1310 apponuntur
1171 1229 1335 1294 evidentius

194 1339 282 1412 atque
304 1329 470 1410 expressius
493 1329 590 1392 animo
618 1328 785 1392 obiciantur
806 1347 897 1410 quum
924 1329 1051 1392 sciamus
1074 1329 1212 1409 antiquos
1234 1336 1335 1409 poetas

194 1431 234 1494 ibi
258 1447 374 1510 quoque
396 1447 458 1492 uon
479 1447 543 1492 esse
566 1435 753 1509 aspernatos,
776 1429 826 1492 ubi
849 1429 1029 1492 recentiores
1050 1428 1219 1508 politiorem
1240 1427 1336 1508 pulcri

195 1529 370 1610 uenustique
397 1545 518 1592 sensum
545 1527 647 1590 naneti
674 1528 710 1592 iis
738 1545 800 1590 non
829 1535 966 1603 utantur,
997 1527 1080 1590 facile
1107 1526 1282 1599 adducimur
1303 1533 1336 1590 ut

195 1627 267 1692 haee
289 1627 376 1690 verba
398 1627 443 1690 vel
467 1627 570 1691 eadem
596 1627 787 1705 significantia
811 1647 827 1690 e
850 1645 931 1690 more
955 1625 1075 1706 antiquo
1099 1625 1225 1690 ornandi
1249 1644 1337 1690 eausa

197 1728 310 1790 nomini
327 1721 430 1804 ’quidr
453 1727 592 1792 adiuncta
615 1747 678 1790 essa
701 1727 864 1790 credamus.
911 1728 968 1790 Sed
991 1727 1189 1804 glossematis,
1219 1733 1251 1788 ut
1271 1725 1335 1805 ple·

195 1846 323 1908 rumque
344 1827 408 1888 eius
429 1825 505 1890 ratio
528 1833 574 1890 est
596 1825 685 1891 dubia
708 1833 737 1888 et
758 1827 792 1888 ad
815 1825 903 1890 rerba
922 1831 1025 1906 poetae
1048 1834 1129 1890 cerlo
1151 1824 1336 1892 restituenda

195 1944 299 2006 parum
331 1925 415 2000 valet,
450 1925 506 1998 hie,
539 1925 757 2004 quumunius,
791 1944 867 2005 quae
895 1925 1046 2005 sequentis
1078 1925 1172 2004 figura
1195 1911 1233 1986 Π
1253 1923 1336 1988 facile

196 2024 392 2104 praetermitti
413 2025 518 2104 potuit,
552 2023 700 2086 litterulae
733 2023 778 2086 vel
809 2023 934 2086 lineolae
955 2025 1162 2103 supplemento
1186 2021 1335 2102 corruptio

195 2123 259 2186 tolli
280 2123 388 2204 possit,
417 2124 503 2202 plane
525 2123 623 2186 nullus
645 2123 762 2186 ridetur
783 2141 847 2186 esse
868 2123 959 2186 loeus.
1003 2122 1076 2184 Nam
1100 2121 1190 2187 dativi
1212 2121 1262 2201 qui
1284 2140 1334 2184 re-

196 2222 323 2303 quiritur
348 2222 442 2286 forma
468 2219 631 2302 λείμωνίᾳ
658 2221 778 2301 quidem
805 2229 899 2285 metro
925 2228 1083 2300 repugnat,
1114 2221 1164 2284 sed
1193 2221 1271 2301 quod
1300 2239 1335 2294 ex

195 2323 299 2386 oedem
314 2330 360 2386 eal
375 2321 538 2386 derivatum
557 2320 676 2382 nomine
691 2315 815 2402 λειμών
830 2319 1004 2386 adieetivum
1027 2311 1215 2402 λειμωνίς
1237 2318 1333 2382 dativo

194 2420 324 2500 positum
348 2420 459 2500 optime
482 2419 631 2482 convenit.
668 2419 764 2499 Atque
779 2420 835 2482 hoc
856 2435 925 2484 cum
947 2419 1011 2499 ipso
1034 2420 1116 2502 ποίη
1140 2417 1333 2499 compositum

194 2519 320 2586 Nonnus
346 2527 376 2581 et
398 2518 553 2599 dionysius
575 2518 739 2598 Periegetes
769 2526 950 2598 usurparunt
972 2518 1197 2598 haudquaquam
1221 2517 1257 2582 de
1280 2537 1334 2580 suo

193 2634 297 2682 rerum
331 2625 474 2698 qrrantum
508 2617 672 2680 coniectare
704 2617 771 2680 licet
803 2624 916 2681 veteres
948 2617 1042 2682 secuti
1074 2625 1186 2697 poetas.
1231 2615 1334 2696 Neque

192 2718 268 2780 Rud.
284 2715 465 2778 Schneidero
487 2715 633 2778 assentior
653 2716 711 2776 hoc
733 2716 907 2780 adiectivum
929 2716 978 2778 lrie
1000 2724 1101 2796 aptum
1124 2735 1190 2781 esse
1214 2715 1334 2792 neganti

191 2817 226 2884 iu
246 2816 341 2880 annal.
365 2814 456 2878 schol.
471 2814 568 2876 Berol.
585 2834 615 2878 n.
631 2833 655 2875 s.
674 2813 754 2878 1878
770 2835 799 2895 p.
819 2813 888 2889 122,
919 2815 999 2896 quod
1025 2815 1056 2879 iu
1083 2814 1214 2894 gramine
1241 2815 1332 2878 lloreo

191 2916 286 2980 iacere
308 2915 419 2979 malum
442 2932 502 2980 non
524 2913 570 2977 sit.
615 2913 689 2976 Nam
711 2931 772 2976 non
785 2915 891 2986 ¹solum
913 2908 1067 2996 λοίμωνὶς
1091 2915 1172 2996 ποίη
1195 2913 1334 2992 leguntur

192 3017 245 3080 sed
267 3012 422 3098 λοιμωνὶς
444 3009 524 3094 ποίη
554 3009 683 3097 μήλων,
712 3031 787 3095 quae
817 3013 904 3078 verba
932 3014 1004 3094 quin
1025 3021 1163 3095 pratense
1184 3013 1332 3094 pecudum

193 3133 337 3196 pascuum
357 3114 524 3194 significent
545 3114 610 3194 quis
634 3111 772 3179 dubitat?
815 3113 917 3194 Neque
945 3133 976 3176 se
999 3113 1034 3176 in
1064 3132 1174 3194 pascuo
1203 3112 1333 3193 pratensi

191 3214 286 3278 iacere
308 3213 443 3294 queritur
465 3213 654 3286 onerassed
677 3213 710 3276 in
731 3221 811 3277 terra
832 3212 927 3286 Idaea,
948 3213 968 3273 i.
985 3232 1011 3274 e.
1035 3229 1096 3276 non
1118 3212 1150 3276 in
1176 3211 1333 3278 Salaminia

191 3311 296 3385 insula,
319 3331 406 3393 quam
429 3311 527 3392 paullo
549 3319 618 3374 ante
648 3310 853 3374 celebraverat.
896 3310 1088 3375 Attrilrutimri
1111 3319 1207 3374 terrae
1228 3311 1266 3372 ot
1288 3311 1330 3372 El.

191 3430 218 3474 v.
236 3411 305 3485 181,
327 3408 490 3493 βούνομον
512 3402 615 3471 ἀκτὰν
632 3411 770 3490 Κρῖσαν.
806 3409 910 3490 ltaque
931 3427 1048 3474 versum
1063 3409 1252 3491 desperatum
1272 3409 1331 3472 iam

192 3510 265 3576 mihi
287 3509 468 3590 expedivisse
489 3507 600 3572 videor.
645 3507 746 3574 Verbis
768 3507 848 3570 enim

287 3603 391 3689 Ἰδᾷδι
413 3609 543 3691 μίμνων
564 3604 754 3690 torporem
776 3608 862 3684 ποίᾳ
883 3602 997 3690 μήλων

192 3716 222 3770 at
241 3715 374 3772 metrum
402 3711 547 3786 quantum
574 3705 645 3770 satis
672 3714 702 3768 et
730 3705 874 3770 sententia
900 3724 969 3775 vere
995 3711 1041 3768 est
1066 3703 1213 3768 restituta.
1256 3703 1331 3768 Nam

192 3806 299 3870 chorus
320 3807 393 3868 haec
414 3805 608 3871 lamentatur:
640 3803 759 3886 ‘infelice
781 3822 829 3885 eqo
850 3809 909 3866 inm
931 3805 982 3867 dia
1002 3807 1034 3866 ia
1054 3813 1133 3867 taran
1154 3802 1243 3868 Idaea
1260 3821 1331 3883 per-

191 3921 311 3969 maneus
328 3906 459 3985 protensi
477 3903 618 3983 pecudum
639 3921 753 3984 pueram,
777 3903 794 3966 i.
817 3922 843 3966 a.
865 3904 898 3966 in
919 3903 1010 3982 pratis
1032 3911 1127 3966 terrae
1147 3902 1258 3976 idaeae,
1280 3901 1332 3966 ubi

192 4005 319 4082 pecudes
341 4011 504 4083 pascuntur
525 4003 572 4064 vel
593 4002 799 4083 pascebantur,
821 4005 853 4064 ic
874 4001 955 4076 mado
969 4021 1089 4066 numero
1110 3999 1222 4064 luditur
1243 4019 1331 4082 usquc

192 4103 306 4164 murillo
326 4113 449 4182 tempore
471 4103 553 4164 mitur
575 4121 609 4166 ue
629 4102 738 4166 molem
758 4101 865 4165 lubeas
886 4119 963 4182 spem
982 4102 1047 4182 sore
1068 4109 1101 4164 ut
1122 4098 1278 4182 mqunudo
1299 4104 1331 4164 in

192 4200 299 4266 θνοονη
330 4202 494 4281 pareculum
526 4204 635 4267 erotem
665 4213 691 4266 et
722 4199 968 4276 ulommnadum'.
1014 4198 1160 4281 syllabam
1193 4199 1330 4280 Glyconei

191 4299 403 4382 paenultimam
424 4300 541 4378 longam
565 4308 593 4362 et
615 4301 801 4384 quaehreri
825 4301 856 4364 in
882 4291 1047 4379 οῑοβήτας
1068 4299 1330 4380 respondeatque

191 4409 236 4466 eal
258 4399 338 4480 quod
360 4398 474 4479 plenius
497 4397 661 4462 delendam.
707 4400 780 4463 Nam
804 4407 835 4464 et
855 4399 886 4462 in
910 4397 1052 4467 dochmiis
1079 4405 1109 4460 ot
1134 4398 1167 4460 in
1189 4417 1329 4467 versuum

190 4499 409 4580 glyconieorum
430 4498 595 4578 systematis
617 4500 723 4580 pedem
747 4518 834 4580 quem
857 4506 964 4565 vocant
991 4497 1193 4563 irrationalem
1216 4497 1329 4572 admis-

243 4597 398 4650 Mualler,
412 4595 551 4656 Sophocles.
1153 4598 1169 4650 2
