3268 5072
672 335 888 402 ...13-

311 504 458 572 ἒνταῦθά
479 529 537 590 μοι
561 504 660 591 κῆρύξ
679 531 715 572 τε
736 505 837 574 κάπὶ
861 509 1044 594 πωλικῆς
1070 475 1073 484 ¹

312 602 410 691 ἀνὴρ
433 602 767 691 detrectatores.
881 671 882 676 ,

295 757 322 800 v.
346 737 418 801 208.
463 737 624 802 Nautarum
661 740 768 802 chorus
805 755 899 822 quum
936 761 952 802 e
989 734 1144 801 'l'eemessa
1178 737 1350 818 cognoverit

210 837 328 899 Aiacem
351 837 464 900 insania
487 847 686 918 aegrotantem
710 839 741 901 in
763 840 892 902 tentorio
915 839 1033 914 morari,
1057 837 1286 923 miratue,qnid
1310 837 1350 898 sit

211 935 382 1017 quodeum
406 936 446 998 ita
468 937 606 1013 affecerit,
629 938 744 1020 quaerit

310 1068 343 1129 τί
366 1061 401 1129 δ’
425 1060 695 1152 ἓνήλλοικταιοῆς
717 1061 854 1154 vintoniae

318 1162 375 1238 νὺξ.
396 1157 454 1249 ἥδε
476 1163 576 1249 βάρος
581 1194 593 1247 ,·

210 1310 319 1372 llooem
346 1303 483 1392 ἡμορίας
508 1311 682 1374 schedulae
711 1311 807 1383 haur„
836 1309 1003 1385 ludimus,
1034 1309 1194 1382 Hermann,
1220 1311 1348 1388 Lolvedv,

210 1409 258 1472 alii
280 1408 465 1472 substantivo
489 1401 574 1492 ὥρας
595 1411 694 1474 audito
717 1412 880 1491 significare
907 1419 1025 1491 tempus
1048 1411 1187 1474 diurnum
1211 1418 1241 1474 et
1261 1417 1349 1492 prae·

209 1509 329 1570 teritum
359 1507 436 1570 diem
465 1509 656 1572 contendunt.
700 1510 785 1584 Quod
814 1529 908 1592 quum
937 1510 1035 1572 desint
1062 1509 1125 1572 eins
1148 1510 1349 1574 similitudinis

210 1608 341 1688 exempla
364 1616 485 1690 excepto
510 1626 569 1671 uno
593 1607 777 1672 Manethonis
799 1609 1012 1684 infirmissimo,
1042 1609 1106 1672 fieri
1124 1629 1219 1692 posse
1242 1620 1351 1691 negant

210 1708 342 1788 plerique
370 1707 445 1770 alius
468 1707 558 1770 aliam·
578 1709 711 1772 meditati
738 1709 986 1775 emendationem.
1030 1709 1162 1784 Quarum
1186 1709 1350 1778 'lhiersolvii

211 1807 358 1870 lenissima
387 1807 505 1870 videtur
538 1827 601 1870 esse
635 1808 775 1883 mutatio,
809 1809 954 1870 sententia
983 1807 1141 1888 aptissima.
1188 1808 1246 1871 Sed
1276 1809 1350 1872 nihil

211 1926 316 1970 censeo
344 1925 419 1988 opus
448 1926 512 1969 esse
540 1907 713 1976 mutatione,
744 1909 815 1970 dum
846 1909 934 1970 modo
956 1896 1079 1990 ἤμορία
1101 1924 1165 1970 non
1187 1908 1223 1970 ab
1245 1902 1350 1992 ἡμέρᾳ

211 2007 262 2068 sed
289 2007 324 2068 ab
351 1995 468 2088 ἥμερος
496 2005 656 2070 derivatum
680 2015 792 2070 statuas
819 2013 848 2070 et
870 2014 982 2068 vertas:
1019 2007 1101 2090 ‘qaid
1125 2024 1214 2088 qroue
1240 2006 1351 2070 molum

209 2106 276 2168 loeo
301 2123 363 2168 ooo
389 2105 447 2168 side·
466 2109 639 2185 permutavit
671 2105 725 2168 illo
751 2103 1005 2168 mansuetudine?
1038 2097 1158 2188 ἦμερία
1191 2105 1271 2168 enim
1305 2113 1350 2168 est

208 2204 287 2266 idem
310 2206 389 2286 quod
412 2199 569 2289 ἡμερότης
592 2211 621 2266 et
644 2189 690 2266 est
711 2205 813 2267 fletum
835 2224 851 2266 a
874 2213 960 2286 poeta
976 2205 1080 2266 eodem
1102 2205 1178 2277 iure,
1201 2221 1260 2285 quo
1283 2205 1349 2266 fieta

208 2310 278 2365 sunt
307 2304 434 2368 derivata
462 2303 499 2368 ab
526 2303 676 2384 adjectivis
704 2304 735 2368 in
757 2306 810 2378 -ὅς
832 2303 1063 2370 terminantibus
1086 2305 1234 2372 secundae
1255 2303 1349 2369 deali-

209 2402 338 2466 netionis
371 2399 471 2487 φιλία
503 2410 535 2464 et
560 2399 698 2485 φιλότης
725 2422 740 2466 a
770 2399 868 2488 φίλος
888 2411 944 2466 ete.
987 2402 1089 2484 Neque
1115 2403 1226 2484 opponi
1249 2410 1349 2484 potest

209 2501 274 2564 lieri
295 2519 357 2564 non
380 2520 481 2582 posse,¹
500 2500 572 2581 quin
595 2495 733 2584 ἤμερίοις
755 2501 791 2564 de
814 2501 859 2566 die
880 2503 1077 2582 intellegatur,
1106 2503 1187 2583 quod
1209 2503 1349 2572 substan-

209 2600 261 2662 tivi
281 2601 407 2681 vulgetis
429 2592 538 2683 ἡμέρα
558 2601 747 2666 audientibus
775 2601 807 2664 in
829 2609 960 2664 mentem
983 2601 1085 2668 venire
1104 2620 1227 2692 neeesse
1248 2601 1348 2670 fuerit.

208 2700 270 2764 lam
303 2700 384 2764 enim
417 2699 532 2780 antiqui
563 2701 747 2779 grammatici
783 2715 893 2764 nornen
930 2695 1035 2784 ἡμέρα
1070 2700 1170 2765 audito
1208 2693 1277 2784 ὥρα
1312 2701 1348 2762 ah

208 2793 328 2883 ἥμερος
350 2798 530 2862 derivabant.
575 2799 675 2880 Neque
697 2799 817 2874 mirum,
840 2818 906 2862 oum
926 2807 1089 2881 utrumque
1112 2799 1287 2868 vocobulum
1309 2801 1348 2864 ita

208 2909 282 2962 sono
305 2898 471 2971 conveniat,
495 2906 528 2960 ut
550 2917 566 2960 e
588 2899 740 2962 communi
762 2899 897 2978 gentium
921 2916 1002 2962 more
1025 2899 1086 2962 fere
1101 2899 1235 2962 eiusdem
1257 2899 1349 2980 signi-

208 2997 351 3063 tioatlonis
374 2997 497 3062 Greeoos
519 2999 744 3064 eommonuerit.
782 2999 842 3062 noe
857 2997 977 3080 quidem
999 2994 1197 3082 tulerintque,
1219 2991 1347 3082 ἥμερος,

207 3093 321 3181 vineole
357 3097 496 3162 voeabula
533 3117 549 3160 a
585 3097 683 3160 radiee
719 3112 806 3180 ‹5qu
841 3098 1000 3162 derivanda
1038 3117 1102 3162 osse
1139 3098 1297 3162 didioimus
1330 3118 1366 3160 a·

207 3197 356 3272 Goebelm,
379 3215 405 3258 v.
428 3197 467 3270 d.,
494 3196 526 3260 in
551 3197 675 3278 lexilogo
697 3191 821 3268 Homeri
846 3205 935 3278 alque
958 3197 1192 3272 llomeriderum,
1218 3197 1347 3262 Bevolin.

210 3295 302 3371 1878,
336 3316 364 3376 p.
390 3293 461 3360 420.
516 3295 752 3360 Mansuetudinis
784 3295 872 3375 igitur
904 3296 999 3370 notio,
1035 3315 1111 3378 quae
1143 3296 1202 3362 ioan
1234 3297 1349 3364 nomini

207 3386 312 3478 ἡμέρα
333 3394 438 3468 inerat,
459 3394 576 3458 nomini
598 3413 716 3476 quoque
738 3389 858 3476 ἡμερίοι
871 3393 972 3458 inesse
987 3395 1151 3476 oportebat,
1173 3397 1346 3477 praesertim

208 3509 300 3576 quum
322 3493 519 3560 Athenienses
540 3494 577 3566 id
605 3513 621 3556 a
643 3493 787 3574 Sophocle
817 3512 853 3556 ex
878 3511 967 3558 soona
988 3493 1134 3561 audirent.
1179 3494 1237 3568 Qui
1260 3501 1347 3575 poeta

207 3602 323 3676 praeter
350 3601 464 3658 eeteros
493 3609 580 3656 voees
602 3593 741 3674 primaria
759 3591 977 3672 'signifieatione
999 3594 1171 3675 usurpabat.
1195 3595 1232 3656 el.
1256 3593 1348 3658 οἶκο-

207 3693 300 3776 voest
322 3721 367 3750 π
389 3691 536 3772 οἰκουρῶν
551 3691 594 3754 ΕΙ.
618 3713 644 3754 v.
664 3690 733 3768 190,
756 3685 914 3776 ἆγχισοήρ
944 3693 982 3756 de
1007 3693 1077 3756 mali
1098 3701 1220 3756 auotore
1242 3693 1347 3756 Treoh.

207 3806 234 3858 v.
250 3793 321 3868 256,
345 3800 433 3874 atque
456 3793 528 3856 adeo
551 3811 626 3856 nova
649 3792 736 3858 verba
758 3791 880 3872 antiqua
901 3791 1006 3856 radicis
1029 3794 1058 3854 vi
1079 3802 1191 3858 servata
1211 3792 1347 3856 invenie»

207 3893 266 3968 bat,
288 3894 329 3956 ita
351 3903 397 3980 ut¹
407 3891 601 3956 Athenienses
629 3892 845 3973 propemodum
874 3898 991 3970 cogeret
1018 3909 1134 3956 summa
1161 3891 1253 3958 animi
1276 3911 1347 3956 oon·

206 3994 341 4060 tentione
378 3993 566 4066 auscultare,
609 4009 684 4072 quae
728 3990 765 4054 ab
802 4009 838 4053 eo
874 3990 906 4052 in
942 4008 1031 4056 soene
1068 3991 1247 4062 dicerentur.
1305 3992 1347 4056 De

207 4093 349 4174 &rhode
372 4093 527 4156 verborum
548 4091 703 4156 inventore
725 4089 762 4152 ot.
784 4090 813 4154 G.
830 4089 996 4152 Solrindleri
1018 4089 1252 4171 copiosissimum
1275 4091 1346 4157 diss.

207 4193 303 4272 inaug.
328 4190 455 4254 wratisl.
480 4187 570 4252 1877.
863 4205 865 4210 ·

251 4353 254 4360 ,
293 4290 443 4354 Sententia
464 4289 554 4369 igitur
576 4307 676 4354 versus
699 4288 826 4354 multum
847 4287 953 4350 tentati
980 4294 1039 4352 est:
1073 4289 1155 4369 ‘qotvl
1186 4289 1261 4352 moto·
1289 4305 1345 4370 pao

206 4391 260 4456 vde
291 4390 508 4454 moaooetodvne
528 4405 568 4450 so.
602 4407 691 4470 quarn
724 4387 795 4452 dias
827 4386 988 4468 praeterito
1023 4385 1070 4448 die
1102 4405 1174 4468 prae
1207 4406 1239 4450 se
1269 4387 1347 4460 tulit,

207 4492 309 4556 ooetdtt
329 4491 383 4556 too
403 4486 517 4554 noete?
550 4487 618 4562 dias
641 4488 720 4552 enirn
742 4486 887 4553 sententia
919 4485 968 4548 illa
1000 4485 1133 4550 iudicum
1160 4485 1262 4568 iniqua
1289 4485 1347 4550 lata
