3266 5084
764 341 983 406 ...58-

302 517 389 578 Vides
415 516 507 596 igitur
533 517 659 579 fratrum
691 518 916 597 germanitatem
947 538 963 579 e
993 525 1086 580 matre
1108 519 1152 580 vol
1176 539 1192 579 e
1215 519 1352 582 muliebri
1375 529 1444 582 ortu

301 615 458 696 significari
481 616 598 678 Graecis
626 617 698 679 satis
725 617 832 692 luisse,
861 635 1040 698 quamquam
1071 616 1193 679 minime
1214 635 1327 693 morem
1351 619 1443 682 Grae-

302 735 405 778 corum
427 733 512 796 nego.
559 717 686 779 Tantum
709 717 738 778 id
763 735 849 795 nego,
872 717 1042 797 genetivum
1066 713 1192 798 πατρός
1215 717 1381 780 necessario
1397 719 1444 781 hic

300 815 430 894 nequitia
459 815 488 876 id
512 815 592 896 quod
624 815 660 878 iis
691 833 766 896 quae
789 817 909 897 exposui
932 815 1073 896 probasse
1097 815 1168 877 mihi
1192 816 1300 878 videor.
1344 818 1442 891 Quum

301 913 391 992 igitur
419 913 522 976 matris
551 931 664 976 nomen
687 915 734 977 hic
756 915 891 989 sufficiat,
920 914 1012 996 patris
1035 932 1145 976 nomen
1168 931 1229 976 nou
1251 915 1442 990 desideretur,

301 1014 381 1075 nulla
404 1032 492 1076 causa
515 1023 572 1086 est,
606 1032 659 1076 cur
686 1009 811 1098 πατρός
838 1013 886 1075 hic
914 1031 968 1095 pro
996 1008 1135 1076 θανόντ’
1169 1021 1271 1076 contra
1292 1015 1364 1078 artis
1386 1017 1444 1078 ori-

301 1113 377 1174 tioae
409 1112 486 1192 leges
520 1113 568 1176 bic
596 1113 821 1178 substituamus.
867 1114 904 1176 Et
932 1131 1020 1194 supra
1048 1113 1108 1174 dixi
1136 1130 1248 1176 nomen
1270 1115 1366 1177 νέκυν
1387 1133 1442 1178 uo-

302 1211 451 1273 tissimum
474 1212 645 1274 Graecitatis
669 1213 842 1275 vocabulum
864 1213 967 1284 fuisse,
990 1212 1090 1292 itaque
1113 1212 1290 1275 verisimile
1313 1232 1375 1276 non
1398 1223 1444 1277 est

301 1311 365 1372 fieri
401 1309 552 1392 potuisse,
594 1320 627 1373 ut
664 1311 821 1392 quisquam
854 1312 911 1373 hoo
948 1311 1091 1392 explicare
1129 1312 1253 1373 voluerit
1288 1313 1443 1396 participio

301 1405 458 1472 θανόντα.
502 1409 565 1472 llio
598 1418 697 1472 autem
725 1411 814 1472 modo
847 1411 911 1472 loco
933 1405 1074 1472 θανόντ’
1107 1410 1180 1471 illud
1214 1407 1339 1492 πατρός
1373 1411 1443 1474 oriri

303 1527 363 1569 non
387 1509 494 1588 potuit.
540 1511 620 1584 Quae
654 1510 679 1571 si
711 1519 790 1572 recte
818 1510 963 1591 disputata
987 1516 1068 1580 sunt,
1098 1505 1236 1572 θανόντ’
1267 1519 1441 1593 corruptum

301 1626 365 1668 esse
393 1615 491 1670 statuo
520 1627 555 1669 ex
583 1608 752 1690 participio,
786 1609 865 1690 quod
898 1608 1004 1670 litteris
1040 1607 1203 1670 uncialibus
1234 1617 1387 1672 exaratum
1416 1611 1443 1673 ei

301 1705 482 1769 simillimum
507 1715 578 1782 erat,
602 1697 774 1790 φανέντ’.
819 1709 976 1788 Compares
999 1707 1085 1770 velim
1108 1707 1220 1770 formas
1245 1705 1449 1772 ΘΛΝΟΝΤ

301 1812 331 1866 et
365 1805 569 1882 ΦΑΝΘΝΤ,
607 1807 637 1868 in
672 1807 781 1888 quibus
817 1809 896 1869 solae
928 1807 1043 1869 litterae
1078 1807 1108 1869 Θ
1134 1816 1164 1868 et
1193 1807 1224 1870 o
1253 1817 1282 1870 et
1312 1811 1339 1870 0
1366 1809 1444 1871 ete

301 1913 498 1966 commutatae
519 1914 597 1968 sunt.
643 1908 727 1982 Quod
751 1927 838 1987 quam
863 1906 947 1967 facile
970 1905 1033 1967 lieri
1056 1903 1198 1986 potuerit,
1220 1924 1281 1968 non
1301 1909 1440 1987 estquod

300 2003 415 2084 plenius
449 2023 595 2086 exponam
628 2005 799 2080 hominibus
833 2005 903 2066 artis
937 2003 1194 2086 palaeographicae
1221 2005 1333 2086 peritis.
1381 2007 1442 2068 lam

301 2103 374 2164 nihil
403 2103 530 2184 amplius
559 2106 735 2167 mutandum
764 2123 880 2166 censeo.
926 2103 1000 2164 Nam
1034 2104 1059 2164 si
1093 2121 1210 2166 mecum
1245 2104 1326 2180 lacis,
1360 2106 1442 2167 locus

301 2203 367 2264 talis
391 2211 436 2264 est
457 2203 568 2282 lactus:

847 2313 878 2376 al
899 2307 958 2376 τόν
979 2311 1015 2386 ἐξ
1036 2311 1115 2396 ἐμῆς

399 2411 520 2496 μητρὸς
541 2409 704 2498 φανέντ’
728 2409 888 2476 ἄθαπτον
910 2405 1078 2496 ἠνσχόμην
1099 2413 1202 2486 νέκυν,

300 2562 384 2623 ouius
407 2563 552 2624 sententia
575 2571 636 2624 est:
670 2565 696 2624 sl
722 2572 869 2624 mortuum
890 2580 928 2624 aar
949 2579 1012 2623 meo
1034 2571 1125 2622 matre
1148 2570 1243 2623 ortum
1269 2563 1441 2641 insepultum

299 2665 492 2723 sustinuissem
507 2661 526 2721 i.
543 2682 568 2722 e.
585 2662 626 2722 ‘si
640 2661 763 2724 fratrem
779 2677 953 2739 germanum
972 2668 1123 2721 mortuum
1145 2660 1330 2740 insepultum
1345 2661 1442 2721 iacere

299 2759 457 2822 sivissem'.
487 2761 551 2833 Qua
573 2762 675 2822 eadem
693 2759 774 2821 verbi
797 2758 943 2843 φανῆναι
967 2759 1178 2838 significatione
1201 2759 1362 2839 Sophocles
1376 2759 1440 2839 ipso

299 2860 394 2921 utitur
416 2858 474 2920 OC.
491 2879 516 2920 v.
533 2859 605 2933 974,
629 2869 658 2921 et
679 2859 813 2940 Xenoph.
837 2857 929 2920 Anab.
945 2859 1005 2932 Vll,
1021 2859 1050 2932 7,
1066 2857 1117 2920 28.

383 2977 411 3018 v.
436 2959 506 3019 614.

802 3049 899 3118 οὐδέν
922 3056 1016 3136 ἕρπει

399 3154 535 3217 θνατῶν
557 3150 659 3236 βιότῳ
682 3150 859 3236 πόμπολτς
881 3150 972 3225 ἐκτός
994 3148 1082 3224 ἄτας.

299 3295 534 3357 innumerabiles
556 3312 692 3366 numero,
716 3301 749 3356 ut
772 3293 812 3355 ait
836 3293 971 3374 Seyffert,
994 3291 1182 3354 coniecturae
1204 3311 1219 3354 a
1243 3311 1287 3353 vv.
1304 3292 1353 3353 dd.
1368 3309 1440 3372 pro-

298 3397 475 3467 blaesum,
502 3394 534 3454 in
562 3410 690 3473 quorum
718 3391 798 3454 nulla
825 3413 858 3454 se
885 3391 1005 3472 quidem
1033 3392 1095 3452 sani
1126 3391 1283 3472 quicquam
1309 3389 1442 3452 invenire

299 3513 386 3574 posse
408 3491 561 3553 Wecklein
583 3489 744 3552 contendit.
782 3489 1004 3552 Praetermissis
1027 3489 1116 3568 igitur
1140 3489 1264 3551 aliorum
1285 3487 1441 3550 conatibus

298 3593 355 3672 ipsi
377 3593 539 3664 videamus,
562 3609 598 3652 an
620 3591 727 3662 locum,
752 3609 840 3669 quem
863 3598 1038 3668 corruptum
1061 3607 1126 3650 esse
1148 3588 1226 3648 inter
1246 3605 1352 3649 omnes
1368 3606 1442 3650 con-

300 3701 372 3764 stat,
406 3691 518 3753 leniore
551 3689 715 3751 mutatione
747 3689 949 3749 emendemus.
1000 3689 1096 3768 Atque
1125 3686 1235 3748 frustra
1268 3687 1442 3750 scholiastae

299 3811 347 3852 sex
372 3808 492 3871 operam
515 3789 676 3862 dederunt,
704 3796 737 3848 ut
759 3783 932 3869 πόμπολις
962 3805 1021 3867 quo
1045 3803 1148 3848 omues
1171 3785 1326 3847 offendunt
1347 3787 1440 3866 expli·

300 3898 409 3952 carent.
446 3888 560 3963 Quodsi
580 3887 672 3949 totius
694 3886 802 3948 cantici
817 3886 995 3948 sententiam
1010 3893 1189 3966 spectamus,
1212 3885 1317 3965 incipit
1332 3886 1440 3947 chorus

221 4005 224 4012 ’
299 3989 399 4051 beatos
422 3987 604 4068 praedicans,
628 4005 754 4066 quorum
771 3987 827 4048 vita
851 3986 934 4048 malis
956 3990 1065 4046 careat.
1105 3984 1254 4057 ‘Quorum
1272 3983 1350 4046 enim
1368 4003 1440 4064 gens

300 4087 441 4150 divinitus
463 4103 606 4149 concussa
628 4085 732 4158 luerit,
760 4085 795 4147 iis
822 4084 897 4146 nibil
923 4101 1054 4162 unquam
1083 4084 1256 4146 calamitatis
1283 4102 1345 4145 non
1368 4100 1439 4145 oon-
1499 4151 1503 4157 ,

300 4188 423 4267 tingere.
459 4185 630 4266 antiquitus
653 4185 695 4246 sic
717 4184 947 4248 Labdacidarum
970 4200 1063 4263 genus
1087 4183 1172 4245 malis
1194 4183 1298 4263 perire.
1341 4181 1441 4246 Nemi-

300 4303 370 4348 nem
393 4285 473 4348 onim
496 4285 605 4348 summi
627 4284 702 4345 lovis
725 4284 863 4346 invictam
886 4281 1047 4363 potentiam
1063 4281 1175 4344 nelarie
1190 4281 1327 4344 cohibere
1342 4301 1437 4364 posse.

302 4387 453 4448 imovero
477 4385 715 4465 omnitempore
747 4379 800 4464 (τό
831 4377 864 4444 τ’
898 4378 1015 4444 ἔπειτα
1043 4379 1098 4442 καὶ
1120 4379 1157 4444 τό
1181 4378 1302 4462 μέλλον
1323 4379 1378 4442 καὶ
1401 4379 1438 4442 τό

302 4483 396 4568 πρὶν)
419 4485 496 4546 hanc
516 4485 611 4564 legem
635 4485 737 4557 valere,
760 4489 793 4544 ut
816 4481 888 4543 nihil
911 4489 1045 4542 versetur
1060 4480 1228 4542 mortalium
1252 4480 1284 4541 in
1299 4479 1356 4541 vita
1375 4478 1439 4541 sine
