3268 5072
640 345 859 408 ..33-

179 521 236 582 nisi
258 520 370 584 lactem
392 527 486 593 essct,
513 519 562 582 illa
592 520 640 581 lex
662 535 760 599 neque
782 527 881 597 rogata
904 537 1002 600 neque
1025 520 1084 582 lata
1103 519 1219 580 luisset.
1265 519 1327 580 Po·

178 618 352 682 steriorihus
374 627 474 682 autem
497 617 774 698 temporibussatis
795 617 963 681 hahuerunt
983 617 1108 691 librarii,
1131 616 1272 697 quicquid
1293 617 1328 677 in

179 717 330 780 veteribus
366 717 449 780 libris
483 717 724 796 manuscriptis
756 717 900 778 traditum
932 717 1133 789 inveniebant,
1171 715 1328 794 dih‘genter

179 815 393 880 transscribere
414 815 719 878 levioribus‘tautum
742 816 859 877 mendis
884 816 962 878 velut
983 816 1177 894 glossematis,
1206 813 1326 876 aberra·

179 915 321 988 tionibus,
344 915 509 978 litterarum
538 913 781 994 corruptionibus
805 921 860 976 etc.
885 915 1062 976 commissis.
1105 914 1148 976 lle
1170 913 1330 994 Sophoclis

181 1024 282 1078 autem
308 1013 474 1078 fabularum
501 1013 585 1094 quasi
613 1012 736 1076 historia
763 1013 865 1076 critica
888 1013 960 1093 quid
994 1013 1120 1078 sentiam
1153 1013 1226 1076 alias
1259 1030 1327 1079 sum

181 1112 379 1194 expositurus.

267 1211 323 1274 OC.
340 1232 384 1274 rr.
399 1213 492 1292 disq.
524 1210 656 1292 Oedipus
671 1229 763 1273 senex
782 1230 895 1286 caecus,
918 1211 1114 1291 ignarusque
1130 1211 1166 1272 ab
1182 1209 1329 1289 Antigona

180 1312 239 1374 filia
262 1311 367 1374 ductus
389 1311 572 1392 pervenerit,
602 1331 638 1372 ex
659 1311 754 1373 incola
778 1311 967 1391 quaesiturus
989 1315 1066 1382 erat,
1096 1309 1217 1372 ubinam
1238 1316 1328 1373 esset.

182 1411 240 1485 uui
261 1409 435 1490 priusquam
459 1427 528 1473 eum
552 1410 684 1482 edoceat,
711 1417 814 1472 monet
837 1417 871 1472 ut
893 1410 964 1472 sede
987 1427 1078 1489 quam
1100 1406 1256 1487 occupavit
1278 1418 1330 1466 err-³

182 1511 276 1572 cedat.
331 1509 389 1572 Sed
422 1508 529 1588 Oedipi
563 1507 661 1572 verbis
693 1518 860 1571 commotus
898 1526 968 1570 eum
1004 1509 1075 1570 sede
1113 1526 1232 1569 morere
1268 1522 1331 1566 non

182 1609 242 1672 iam
264 1608 363 1672 audet.

283 1736 361 1808 ἀλλ’
384 1741 460 1808 οὐδ’
484 1741 564 1827 ἐμόν
585 1766 637 1807 τοι
660 1741 915 1816 τούξανιστόνοιι
939 1741 1068 1817 πόλεως

283 1839 353 1923 δίχ’
377 1841 447 1907 ἐστὶ
470 1841 612 1926 θάρσος,
636 1843 716 1928 πρίν
738 1839 770 1923 γ’
794 1839 835 1908 ἀν
857 1835 990 1915 &adelber
1014 1845 1046 1904 τί
1070 1839 1155 1924 ἀραῖς

183 1998 235 2063 llis
262 1999 293 2062 in
317 1999 451 2062 versibus
475 1999 604 2064 offensio
627 1999 714 2062 nohis
742 2000 881 2071 occurrit,
905 2019 993 2081 quam
1018 2007 1052 2061 ut
1072 1998 1246 2079 expedirent
1269 2015 1330 2058 non

184 2098 343 2178 contigisse
377 2098 473 2162 adbuc
505 2099 720 2179 interpretibus
754 2117 930 2178 persuasum
963 2098 1067 2161 haheo.
1112 2098 1193 2160 inest
1224 2115 1257 2159 ea
1291 2095 1333 2158 illi
1381 2147 1385 2155 .

184 2198 321 2260 membro
344 2197 426 2279 nolu
448 2191 483 2274 γ’
506 2192 546 2260 ἂν
568 2193 702 2268 ἐνδείξει
724 2199 757 2258 τί
778 2195 856 2279 δρῶ.
896 2199 982 2271 Quod
1004 2196 1208 2278 nequidquam
1229 2195 1333 2257 collate

183 2297 312 2362 formula
335 2289 521 2378 ἀποστῆναι
545 2292 629 2378 πρός
644 2317 720 2360 τινα
736 2296 961 2360 defendebatur.
998 2295 1073 2358 Nam
1095 2295 1127 2358 in
1150 2295 1242 2358 activa
1264 2292 1334 2372 qui·-

185 2396 254 2459 dem
276 2397 373 2460 forma
395 2389 582 2476 ἀφιστάναι
611 2392 687 2458 τινὰ
716 2389 786 2456 ἀπό
812 2417 902 2468 τινος
930 2396 974 2458 vel
1002 2390 1079 2458 τινά
1105 2415 1210 2468 τινος,
1237 2395 1334 2473 succro

184 2505 217 2557 ισ
239 2497 300 2574 quis
322 2492 358 2557 ul
382 2492 478 2573 oliqco
500 2492 626 2574 deficiat,
657 2494 748 2556 simul
774 2494 858 2558 facile
887 2494 1072 2573 intellegitur
1101 2495 1180 2556 hunc
1210 2493 1335 2555 delicere

186 2594 222 2656 ad
244 2611 314 2656 eum
336 2592 386 2672 qui
408 2591 496 2656 iaciat
519 2600 552 2654 ut
566 2593 695 2665 deficias,
720 2593 797 2656 velut
813 2593 943 2673 Thucyd.
959 2595 981 2666 l,
997 2591 1047 2666 81,
1063 2593 1145 2654 init:
1170 2592 1200 2654 el
1223 2587 1255 2654 δ’
1279 2583 1334 2664 αὖ,

185 2691 381 2756 Archidamus
404 2690 536 2770 loquitur
557 2709 610 2752 rex
630 2691 947 2768 Lacedaemoniorum,
970 2690 1047 2765 τούς
1070 2687 1271 2773 ξυμμάχους,
1293 2707 1336 2752 sc.

186 2789 252 2855 τῶν
268 2785 476 2873 Ἀθηναίων,
499 2784 683 2872 ἀφιστάναι
706 2786 945 2873 πειρασόμεθα
965 2825 1008 2836 --
1031 2798 1140 2871 sponte
1161 2788 1337 2851 subintelle-

188 2889 282 2969 gitur:
305 2889 342 2952 ad
353 2887 617 2954 Lacedaemonios.
656 2889 712 2952 Sed
736 2889 851 2969 passive
873 2890 919 2952 vel
940 2889 1127 2952 intransitive
1147 2889 1227 2952 dicto
1250 2881 1337 2948 ἀπο-

187 2987 314 3071 στῆναι,
338 2989 445 3052 adduci
467 2988 504 3050 ab
526 2987 622 3069 aliquo
643 2995 675 3050 ot
698 2987 813 3069 depictor
836 2988 879 3050 vel
899 2987 1027 3068 deficere,
1051 2987 1111 3050 nisi
1131 2987 1203 3050 satis
1219 2993 1339 3051 mostat

189 3109 206 3150 e
228 3087 285 3150 loci
307 3086 466 3162 sententia,
489 3087 708 3168 praepositione
724 3080 808 3168 πρός
830 3087 1038 3167 adiungendus
1060 3087 1086 3149 is
1108 3095 1164 3158 est,
1186 3087 1224 3148 ad
1248 3103 1338 3166 quem

189 3188 222 3254 tit
247 3186 383 3250 delectio.
428 3186 511 3248 Hane
534 3186 652 3250 Graecis
678 3187 847 3251 facillimam
876 3205 942 3251 esse
971 3187 1096 3268 ellipsim
1125 3186 1170 3248 vel
1198 3187 1338 3266 frequens

190 3286 254 3351 cius
287 3303 360 3348 usus
394 3285 473 3364 apud
507 3285 666 3365 scriptores
698 3286 890 3350 historiarum
925 3295 955 3348 et
988 3293 1123 3348 oratores
1146 3286 1337 3348 demonstrat.

189 3385 335 3451 Similiter
355 3383 387 3448 in
408 3383 536 3448 formula
559 3377 593 3446 oi
615 3382 651 3446 ἐκ
672 3383 739 3448 τῶν
765 3383 923 3466 πολέμιον
944 3379 1159 3466 θαπτόμενοι
1176 3391 1227 3442 'a
1249 3378 1340 3447 otro

189 3491 261 3556 τοῖς
281 3479 445 3565 πολέμοις
467 3478 701 3557 ἀποθανόντες
722 3482 779 3546 καὶ
807 3481 844 3546 ἐκ
871 3480 999 3548 τούτων
1021 3475 1233 3566 θαπτόμενοι
1255 3480 1339 3543 notio

192 3581 289 3649 media
304 3582 513 3662 praetermissa
537 3589 590 3654 est,
612 3581 705 3646 Thuc.
722 3583 758 3655 ll,
775 3583 815 3645 35
830 3583 895 3646 init.
933 3581 1014 3655 Quae
1036 3581 1147 3662 ubique
1168 3581 1232 3642 fere
1254 3597 1339 3660 prae·

191 3680 317 3747 termitti
333 3681 408 3744 solet
430 3700 446 3742 a
467 3681 722 3763 breviloqtbntiae
733 3681 890 3755 studiosis,
913 3682 986 3744 dum
1001 3681 1090 3743 modo
1106 3679 1196 3742 dictio
1212 3684 1340 3740 coartata

192 3779 323 3858 intellegi
346 3780 440 3860 possit
462 3787 495 3842 a‘c
516 3789 596 3843 recte
619 3781 658 3842 sit
679 3780 854 3860 composita.
897 3780 999 3859 Longe
1029 3798 1097 3842 vero
1120 3779 1176 3842 aha
1198 3786 1243 3838 est
1263 3776 1340 3838 ratio

192 3877 274 3942 uerbi
301 3875 499 3960 ivdalaropv.
544 3878 663 3941 Etenim
690 3897 784 3958 quum
808 3878 876 3958 qnis
902 3878 1041 3941 detulerit
1068 3878 1105 3940 ad
1132 3876 1276 3938 iudicium
1297 3874 1342 3936 vei

194 3978 429 4058 magistratum·
444 3995 507 4040 uon
529 3978 600 4042 huic
620 3977 734 4042 iudices
759 3977 803 4038 vel
825 3977 1014 4057 magistratus
1037 3975 1234 4056 praecipiunt,
1262 3973 1340 4053 quod

194 4077 224 4140 ei
244 4076 411 4141 laciendum
434 4076 490 4151 sit,
524 4076 581 4140 nisi
614 4080 703 4140 forte
723 4095 758 4140 eo
781 4094 908 4140 munere
940 4075 1065 4140 civitatis
1098 4073 1247 4152 iungitur,
1283 4087 1342 4153 quo

195 4174 343 4254 ohhgatus
365 4175 404 4238 sit
426 4182 459 4241 ut
479 4176 558 4238 lacto
581 4175 760 4246 intercedat,
793 4175 846 4238 sed
880 4174 953 4254 ipsis
987 4174 1148 4236 videndum
1177 4181 1238 4244 est,
1271 4171 1367 4250 quid.

195 4273 252 4338 sibi
274 4273 444 4338 iaciendum
466 4274 515 4348 sit,
545 4283 579 4338 ut
601 4275 707 4338 nenas
730 4274 881 4354 puniatur.
929 4272 968 4336 Ut
989 4272 1080 4351 igitur
1102 4272 1149 4334 hic
1171 4271 1229 4333 dici
1249 4269 1343 4350 possit

195 4371 383 4450 ivdstevopc
405 4373 439 4434 τί
454 4369 535 4455 δρῶ,
558 4381 640 4436 recte
655 4373 731 4436 lloh.
745 4373 856 4452 linger,
878 4373 909 4435 ni
931 4372 1024 4446 lallor,
1046 4371 1078 4432 iu
1094 4371 1197 4434 Pbilol.
1214 4370 1269 4432 vol.
1283 4369 1343 4442 XV,

172 4468 309 4541 'recens
323 4471 391 4535 libr.
414 4471 455 4540 ad,
476 4471 652 4552 Sophoclem
675 4481 779 4553 spect,
802 4470 964 4545 adnotavit,
986 4469 1071 4551 sequi
1093 4470 1231 4543 incolam,
1254 4486 1342 4551 quern

1149 4573 1184 4629 3*
