3266 5084
775 336 993 398 ...64-

319 508 473 570 coniunxit
487 505 632 591 μάλιστα
647 507 684 571 δὲ
695 503 820 584 Ὕλλον,
845 505 946 592 ὅνπερ
970 508 1056 583 εἰκός
1078 509 1147 573 ἐστι
1164 509 1287 585 δοκεῖν,
1312 511 1342 574 εί
1363 512 1457 594 νέμοι

318 599 384 670 τιν’
408 603 495 691 ὤραν
516 607 576 672 τοῦ
597 607 702 682 καλῶς
725 605 890 691 πράσσειν
916 609 973 672 τοῦ
996 606 1119 693 πατρός
1141 611 1159 670 i.
1184 631 1208 672 e.
1232 611 1287 692 τῆς
1309 610 1368 672 τοῦ
1392 631 1458 672 πα·

318 703 392 786 πρὸς
414 703 607 788 εὐπραξίας,
631 709 730 770 vertit:
755 713 946 791 ‘montanoque
969 709 1100 789 Hyllum,
1123 729 1204 790 quem
1223 729 1280 791 por
1301 720 1341 772 cot
1363 720 1457 772 osteo-

319 806 393 879 doro,
422 809 448 866 si
473 825 558 886 quom
577 817 716 886 paternae
735 811 931 887 prosperamus
954 827 1054 872 curem
1074 810 1170 890 ρονι“ι’Ι
1216 809 1252 870 dt
1274 806 1384 872 δοκοτν
1407 809 1459 882 hac

318 905 345 965 vi
371 913 545 985 usurpatum
576 923 723 1018 nusquam
754 906 910 986 reperitur.
955 908 992 967 Et
1021 908 1161 987 quoniam
1193 909 1354 988 praemissa
1388 916 1458 969 sunt

317 1003 388 1077 πῶς
411 999 449 1065 οὐ
472 1005 618 1084 πέμπεις
638 1001 715 1066 τινὰ
737 1001 870 1067 παίδων
892 1005 999 1085 hisque
1022 1007 1237 1070 continuantur
1257 1004 1402 1091 μάλιστα
1424 1001 1457 1068 δ’

318 1097 419 1182 ὅνπερ
443 1099 530 1174 οἶνός
547 1097 681 1177 rator,
711 1103 863 1182 elogibus
891 1106 1089 1182 grammaticis
1121 1100 1198 1168 ad
1180 1127 1282 1188 ονπερ
1305 1101 1420 1178 οίιιός
1413 1125 1459 1166 vn·

317 1201 516 1280 teilegcndum
540 1219 574 1262 eo
596 1201 792 1280 supplendum
816 1209 861 1262 est
877 1203 1026 1284 πέμπειν
1042 1205 1121 1282 quod
1145 1205 1303 1284 praecedit,
1326 1221 1388 1264 uon
1410 1222 1458 1264 se-

318 1299 435 1379 quentis
459 1317 560 1361 versus
583 1307 746 1361 extremum
772 1299 892 1362 verbum
917 1297 1037 1364 δοκεῖν.
1078 1303 1154 1364 Haec
1176 1303 1264 1364 ctiam
1287 1303 1319 1363 in
1336 1303 1458 1363 Schnei-

318 1399 468 1460 dewiuum
491 1407 520 1459 et
541 1398 719 1460 Meinekium
743 1399 854 1460 cadunt
875 1397 990 1481 μολεῖν
1012 1401 1191 1462 conicientes
1217 1402 1384 1482 eademque
1411 1420 1456 1462 ra-

317 1497 399 1558 tione
421 1516 478 1576 qua
501 1495 619 1560 Brunob
643 1497 729 1558 verba
753 1506 975 1576 componentes.
1013 1498 1091 1573 Nihil
1113 1495 1202 1578 igitur
1225 1499 1327 1560 Nauck
1349 1499 1458 1560 omisso

317 1594 430 1658 δοκεῖν
452 1616 483 1658 se
505 1595 742 1656 desideraturum
765 1596 844 1656 dixit.
890 1596 975 1669 Quod
999 1615 1067 1658 vero
1090 1597 1216 1658 coniecit
1237 1597 1458 1678 πεπραγέναι,

319 1694 409 1774 magis
434 1693 504 1756 mibi
529 1704 562 1756 ut
584 1712 700 1754 versum
724 1695 856 1774 expleret
878 1695 992 1758 videtur
1014 1697 1207 1777 spectavisse,
1237 1715 1325 1776 quam
1357 1705 1390 1758 ut
1412 1714 1459 1756 re-

318 1794 456 1855 stitueret
484 1793 530 1865 id,
559 1793 638 1873 quod
666 1801 753 1872 poeta
783 1794 912 1855 seribere
943 1796 1096 1873 potuisset.
1142 1795 1219 1874 Ergo
1242 1784 1334 1875 quum
1362 1813 1460 1874 neque

317 1894 403 1956 lectio
419 1893 532 1972 vulgata
548 1891 666 1953 defendi
682 1891 775 1972 possit
790 1911 887 1973 neque
902 1893 1089 1956 coniecturae
1104 1914 1147 1955 vv.
1164 1894 1223 1966 dd,
1248 1911 1323 1973 quae
1338 1894 1457 1974 quidem

319 1993 389 2054 mibi
406 1992 611 2063 occurrebant,
632 1991 823 2066 satisfaciant,
847 1994 903 2072 ipsi
927 1993 1088 2067 videamus,
1111 2011 1149 2055 an
1171 1993 1269 2054 locum
1286 2001 1458 2072 corruptum

314 2091 602 2170 sanarepossimus.
648 2093 745 2170 Atque
773 2092 864 2152 miror
892 2091 1024 2154 formula.
1048 2089 1135 2172 ὥραν
1158 2093 1270 2172 νέμειν
1292 2088 1382 2164 ιινός
1404 2091 1458 2151 ali-

319 2191 401 2252 cuius
424 2207 524 2250 curam
548 2207 666 2267 gerere,
696 2189 823 2268 quaein
847 2198 909 2251 tota
933 2190 1090 2270 graecitate
1113 2189 1161 2251 bic
1181 2191 1277 2251 solum
1301 2189 1459 2262 invenitur,

318 2308 378 2351 uon
402 2287 558 2350 offendisse
580 2288 765 2367 interpretes.
810 2288 903 2360 Quam
932 2307 993 2350 non
1022 2297 1146 2352 tuentur
1174 2289 1319 2352 formulae
1349 2289 1460 2370 νέμειν

317 2381 431 2470 τιμάς,
455 2383 567 2467 χάριν,
592 2380 710 2459 κακόν,
738 2385 866 2461 αἰτίαν,
895 2391 1026 2468 αἵρεσιν
1049 2395 1105 2448 etc.
1150 2386 1262 2473 Quibus
1289 2394 1459 2450 constanter

318 2486 433 2548 dativus
455 2485 518 2546 eius
541 2503 687 2564 personae
710 2484 842 2558 additur,
871 2485 918 2546 cni
941 2486 1010 2566 quid
1039 2485 1194 2558 tribuitur,
1225 2485 1264 2546 ita
1292 2492 1326 2548 ut
1353 2486 1459 2567 νέμειν

318 2604 402 2647 suam
437 2585 564 2646 retineat
596 2584 653 2644 vim
689 2603 723 2646 ac
759 2583 1002 2662 significationem
1036 2585 1183 2646 tribuendi
1218 2584 1302 2646 alicui
1338 2584 1456 2663 aliquid.

318 2685 418 2764 Neque
452 2683 535 2744 aliter
567 2690 690 2765 μοῖραν
723 2685 833 2764 νέμειν
855 2687 922 2746 τινί
944 2683 1049 2744 Trach.
1073 2703 1099 2744 v.
1124 2681 1204 2743 1240
1228 2684 1352 2744 tribuere
1374 2683 1463 2744 οίίιιιι·

318 2785 393 2864 quod
425 2785 474 2864 fos
507 2793 556 2853 ost,
590 2783 681 2844 debito
711 2792 860 2862 proestare
895 2791 940 2844 est
974 2789 1161 2862 usurpatum.
1208 2781 1260 2842 Hie
1282 2789 1380 2842 autem
1403 2781 1459 2842 hoc

318 2883 438 2944 verbum
462 2882 597 2961 genetivo
621 2900 765 2962 personae
787 2882 920 2943 iunctum
956 2881 1132 2943 alienissima
1166 2881 1193 2942 vi
1226 2881 1345 2960 gerendi
1381 2879 1459 2940 acci-

317 2983 456 3062 piendum
481 2989 534 3044 est.
579 2983 664 3056 Quod
688 2990 810 3063 propter
833 2982 895 3043 eius
918 2982 1035 3042 insitam
1060 2982 1117 3042 vim
1142 2981 1205 3042 fieri
1227 2981 1338 3060 nequit.
1386 2979 1458 3040 Nam

318 3101 408 3162 quum
433 3071 522 3162 o’o'pov
543 3081 630 3159 νέμω
653 3077 744 3152 τινος
767 3080 853 3154 dicis,
887 3079 1000 3141 dativus
1032 3099 1174 3159 personae
1207 3079 1254 3140 oui
1287 3076 1345 3160 τήν
1371 3099 1460 3150 τινος

319 3177 404 3262 ὤραν
426 3181 534 3261 νέμεις
558 3179 742 3240 desideratur
774 3179 899 3258 iureque
932 3177 960 3238 id
989 3177 1067 3238 mibi
1101 3195 1204 3258 rogare
1237 3196 1324 3258 posse
1359 3177 1459 3238 videor

317 3281 465 3359 propriam
496 3277 577 3339 verbi
605 3277 663 3338 vim
692 3295 848 3358 premens:
880 3277 1010 3338 ‘cuinam
1034 3277 1156 3338 alicuius
1183 3295 1283 3337 curam
1306 3277 1323 3337 i.
1347 3295 1370 3336 e.
1396 3294 1458 3336 eam

318 3397 429 3452 curem,
463 3395 551 3459 quarn
585 3377 660 3456 gerit
692 3377 795 3457 aliquis
824 3377 885 3437 sive
908 3394 995 3455 qnam
1019 3377 1096 3454 geris
1120 3375 1285 3454 deniquo,
1319 3370 1446 3435 tribuis?

318 3477 402 3551 Quod
426 3478 512 3555 longe
534 3476 611 3537 aliud
636 3475 705 3555 quid
723 3476 817 3535 valere
833 3493 921 3554 quam
937 3474 1016 3554 quod
1036 3474 1092 3535 boo
1114 3475 1177 3535 loco
1193 3472 1355 3552 requiritur
1371 3479 1458 3552 patet.

318 3577 432 3636 Nomen
456 3585 552 3635 autem
577 3569 644 3652 ὥρα
672 3579 789 3633 tantum
819 3572 850 3633 in
879 3570 1015 3632 formulis
1046 3568 1133 3654 ὥραν
1156 3569 1335 3632 ποιεῖσθαί
1358 3591 1458 3643 τινος,

318 3676 396 3756 περί
418 3694 516 3746 τινος,
539 3667 790 3754 desponsaret
813 3671 901 3732 etiam
926 3667 1128 3751 ἐνμηδεμιᾷ
1149 3663 1218 3748 ὥρᾳ
1239 3669 1404 3730 τίθεσθαί
1427 3689 1459 3726 ιι

318 3774 400 3834 etin
423 3771 615 3834 usitatissima
640 3765 727 3852 ὤραν
749 3766 837 3848 ἔχειν
858 3769 1016 3830 invenitur.

403 3872 523 3934 Conicio
558 3889 626 3948 ergo
661 3870 811 3932 librarium
844 3888 935 3949 quum
971 3868 1108 3930 facillime
1135 3867 1170 3930 ad
1204 3865 1294 3928 trium
1318 3885 1458 3928 versuum

318 3991 392 4053 quae
420 3980 586 4051 sequuntur
614 3979 743 4032 extrema
778 3968 864 4030 verba
892 3965 1093 4038 AOMOYC‚
1117 3963 1266 4038 Aontd,
1293 3963 1460 4028 Aosorc

318 4071 455 4132 aberrare
478 4077 585 4151 posset,
620 4087 773 4150 perperam
807 4067 958 4146 scripsisse
989 4064 1100 4128 δοκεῖν
1133 4083 1186 4145 pro
1214 4083 1248 4126 eo
1272 4065 1357 4144 quod¹
1373 4071 1460 4144 poeta

318 4170 467 4250 scripserit
489 4167 583 4246 ἔχειν.
628 4170 757 4249 Recepta.
777 4167 865 4244 igitur
888 4164 1031 4226 Wunderi
1054 4164 1234 4226 correctione
1258 4163 1361 4244 νέμοι,
1386 4183 1460 4242 quae

318 4279 430 4350 quanto
458 4268 553 4349 aptior
580 4267 619 4330 sit
646 4286 732 4347 quam
762 4265 813 4344 qui
841 4263 968 4326 traditur
995 4263 1141 4343 optativus
1169 4268 1264 4342 patet,
1300 4261 1460 4339 coniungas

319 4369 349 4432 si
371 4371 460 4450 νέμει
483 4365 559 4430 τινα
581 4364 668 4450 ὤραν
684 4363 808 4447 πατρὸς
831 4361 917 4442 ἔχειν
934 4362 991 4426 τοῦ
1006 4360 1112 4434 καλῶς
1128 4356 1289 4442 πράσσειν
1304 4369 1333 4422 et
1350 4369 1461 4422 vertas:
1559 4355 1562 4360 ’

319 4477 387 4530 ‘cur
414 4487 472 4530 ιιοιι
499 4467 626 4548 [diorum
654 4466 775 4545 aliquem
804 4467 894 4526 mittis
934 4466 1113 4542 naoev'mequo
1136 4460 1270 4547 Hptlavm,
1297 4479 1379 4541 quom
1403 4475 1460 4538 por
