3266 5084
664 336 969 400 ·-60-

292 521 403 593 quanto
427 514 560 592 graviora
583 514 670 576 verba
693 514 764 576 nibil
789 514 865 576 aliud
888 513 1082 593 significantia
1106 514 1249 576 inutiliter
1271 515 1346 576 illata
1362 513 1429 576 sint.

292 613 417 693 Scyllert
446 621 547 676 antem
577 609 739 696 δύστηνον
760 607 853 692 λέχος
883 614 920 676 de
948 613 1055 676 infelici
1083 631 1191 693 sponsa
1220 613 1431 693 interpretatus

293 707 387 795 εὐνήν
409 713 600 793 sepulturam,
629 733 719 793 quam
741 713 854 776 Haemo
884 721 946 776 erat
969 713 1144 784 amissurus,
1171 711 1337 791 significare
1359 729 1431 774 cou-

292 811 399 874 tendit:
424 817 509 874 ‘nam
533 831 662 892 sperare,
684 813 790 893 inquit,
814 812 939 875 debebat
961 813 1024 874 lore
1047 818 1080 873 ut
1103 820 1133 874 et
1155 811 1302 890 Antigona
1326 810 1432 891 etipse

292 911 323 972 in
346 912 486 990 spelunca
510 910 656 991 insepulta
677 911 832 974 iacerent'.
878 911 935 973 Sed
960 929 1017 991 qua
1040 929 1072 971 re
1097 910 1206 971 Haemo
1230 911 1287 972 boc
1315 928 1432 991 sperare

293 1009 443 1088 debuerit,
477 1027 538 1074 non
569 1011 641 1072 dixit
663 1031 689 1072 v.
712 1011 741 1072 d.
791 1011 829 1072 Et
857 1010 1026 1072 mirandum
1053 1017 1099 1072 est
1129 1009 1310 1074 Haemonem
1336 1009 1432 1090 primo

294 1109 452 1188 ‘placidam
489 1111 629 1191 requietis
663 1110 764 1172 sedem
792 1110 930 1172 amissam
959 1107 1064 1190 queri,
1098 1108 1205 1172 deinde
1234 1109 1325 1188 patris
1346 1109 1431 1182 lacta,

293 1217 356 1272 tum
387 1210 506 1272 demum
531 1228 671 1289 sponsam
700 1208 859 1282 infelicem,
893 1228 980 1289 quam
1015 1208 1244 1288 amplectebatur
1273 1217 1432 1272 mortuam.

294 1308 400 1370 Nonne
421 1317 466 1372 est
488 1309 600 1372 iuvenis
623 1308 826 1380 amantissimi,
854 1315 887 1370 ut
908 1327 976 1370 curn
999 1326 1109 1388 sponsa
1133 1308 1207 1372 mori
1232 1308 1321 1380 malit,
1344 1327 1432 1388 quam

294 1426 361 1470 oum
390 1416 472 1487 patre
495 1408 601 1478 viuere,
634 1416 754 1487 praeter
788 1413 886 1470 catera
913 1423 1054 1486 sponsam
1086 1406 1224 1470 amissam
1259 1407 1302 1468 vel
1335 1407 1433 1488 potius

294 1507 502 1587 interemptam
521 1502 687 1589 (φθοράν)
705 1503 827 1585 lugere?
858 1505 1044 1586 Relinquitur
1064 1505 1155 1583 igitur
1179 1513 1211 1568 ut
1226 1505 1314 1568 verbe
1336 1505 1433 1586 priora

294 1605 329 1666 de
353 1605 477 1684 coniuge
500 1607 679 1685 interempta
702 1613 732 1666 et
754 1605 811 1666 iem
835 1605 912 1686 apud
935 1604 1045 1668 interos
1066 1613 1170 1684 agente
1192 1604 1432 1685 interpretemur.

293 1703 369 1764 'lum
394 1723 464 1766 vero
487 1697 649 1786 δύστηνον
671 1702 763 1782 λέχος
786 1703 858 1764 nibil
883 1703 938 1764 nisi
961 1703 1077 1766 iteratio
1100 1712 1145 1766 est
1168 1702 1324 1767 verborum
1341 1698 1434 1785 εὐνῆς

293 1802 348 1882 τῆς
375 1799 461 1866 κάτω
490 1803 636 1886 φθοράν.
682 1803 756 1866 Nam
785 1803 864 1883 quod
890 1802 980 1864 Wolll
1005 1799 1098 1880 λέχος
1128 1821 1181 1882 per
1211 1803 1433 1866 matrimonium

295 1902 431 1982 expilicat,
462 1903 532 1964 ferri
561 1921 622 1966 non
645 1911 743 1983 potest
767 1911 952 1982 propterea,
983 1902 1061 1981 quod
1086 1901 1275 1964 matrimonio
1299 1903 1433 1966 nondum

295 2000 413 2064 iunctus
435 2001 533 2070 luerat
554 2019 621 2066 curn
645 2001 791 2080 Antigona
814 2001 925 2064 Haemo
950 2008 979 2062 et
1000 2001 1196 2064 ollensionem
1220 2001 1328 2064 babent
1344 2001 1434 2082 patris

294 2100 367 2160 lacte
401 2099 479 2162 inter
508 2101 663 2178 coniugem
693 2109 723 2164 et
752 2099 973 2164 matrimonium
1002 2100 1186 2180 interposita.
1231 2101 1307 2173 Quid
1335 2109 1434 2162 autem

294 2199 400 2278 aptius,
423 2199 491 2279 qnid
515 2207 565 2262 aut
588 2199 747 2262 conditioni
769 2209 820 2265 ant
843 2200 942 2262 animo
960 2199 1118 2264 llaemonis
1140 2199 1363 2262 convenientius
1379 2199 1435 2263 dici

295 2308 392 2378 potest
417 2319 519 2381 quani:
551 2303 713 2380 ‘coninpcm
735 2303 943 2378 interemptum,
962 2303 1056 2378 putria
1075 2300 1166 2378 sono,
1189 2307 1330 2362 sortem
1352 2317 1436 2360 auom

294 2400 438 2478 infelicem
460 2395 691 2478 deplorantom‘?
731 2399 788 2460 Pro
810 2392 901 2476 λέχος
923 2397 1013 2476 igitur
1036 2392 1161 2475 λάχος
1184 2397 1308 2460 restituo
1331 2417 1435 2460 vocem

296 2517 310 2558 a
336 2498 481 2576 Sopboclo
508 2506 559 2558 aut
587 2497 622 2560 ab
645 2496 784 2577 Euripide
808 2515 869 2558 non
892 2497 1040 2566 usitatam,
1068 2515 1156 2576 quam
1181 2505 1278 2560 tanreu
1302 2495 1335 2558 G.
1361 2495 1434 2558 ller-

297 2613 386 2658 mann
410 2604 438 2656 et
461 2595 587 2660 Dindorl
611 2597 708 2659 versui
739 2596 818 2658 1303
850 2597 909 2658 bui.
931 2596 989 2658 lab.
1017 2614 1071 2674 pro
1094 2590 1186 2673 λέχος
1213 2596 1345 2658 inserere
1374 2613 1435 2656 non

297 2695 510 2756 dubitaverunt.
557 2697 593 2758 Et
614 2696 764 2758 invenitur
785 2695 840 2758 bac
863 2696 888 2756 vi
911 2697 1013 2758 bescb.
1037 2699 1123 2759 Eum.
1147 2717 1171 2759 v.
1190 2697 1251 2760 310

397 2817 488 2891 λέξαι
511 2843 545 2881 τε
568 2817 648 2904 λάχη
672 2819 713 2883 rol
734 2813 807 2883 κατ’
830 2815 1032 2904 ἀνθρώπους

299 2957 328 3006 et
351 2946 442 3008 ciusd.
469 2945 527 3007 lab.
552 2967 596 3008 vv.
613 2945 731 3028 33lsrp.
801 2987 804 2993 -

497 3072 593 3134 τοῦτο
615 3072 678 3155 γὰρ
701 3067 800 3150 λάχος
823 3069 980 3134 διανταία

397 3166 504 3252 Μοῖρ’
527 3169 714 3232 ἐπέκλωσεν
737 3168 889 3251 ἐμπέδως
912 3167 1008 3252 ἔχων.

298 3294 429 3372 Tbeogn.
454 3315 497 3356 vv.
513 3294 574 3356 592
587 3316 629 3376 sq.

397 3405 521 3490 τολμᾶν
542 3407 611 3492 χρὴ,
634 3408 675 3469 acl
697 3406 829 3470 διδοῦσι
852 3405 930 3470 θεοὶ
955 3411 1112 3492 θνητοῖσι
1135 3413 1314 3492 βροτοῖσιν,

399 3504 535 3588 ῥηιδίως
557 3506 594 3569 δὲ
617 3510 729 3590 φέρειν
751 3499 947 3592 αἷμφοῑέρων
968 3507 1005 3569 τὸ
1028 3502 1129 3586 λα’χος
1144 3517 1199 3570 etc.

384 3649 409 3688 v.
438 3627 525 3688 1281.
570 3627 675 3701 Cleon,
699 3629 750 3710 qui
772 3631 863 3691 blinm
887 3639 1038 3692 mortuum
1062 3631 1215 3708 amplexus
1239 3631 1436 3709 magniscam

299 3727 537 3788 miserationibus
567 3747 686 3789 scenam
715 3729 890 3808 ingreditur,
917 3747 968 3807 per
997 3729 1136 3789 nuntium
1160 3728 1266 3790 certior
1286 3730 1328 3802 lit,
1358 3729 1437 3791 domi

179 3879 182 3884 .
299 3845 369 3890 suae
391 3828 445 3890 alia
470 3828 542 3890 meda
565 3847 597 3889 se
622 3828 763 3890 visurum.
810 3827 986 3891 Perterritus
1007 3835 1091 3905 rogat

399 3957 431 4015 τί
454 3949 485 4016 δ’
509 3951 599 4018 ἔστιν
621 3950 662 4017 αὖ
686 3952 800 4018 κάκιον
822 3952 841 4038 ἢ
864 3953 969 4016 κακῶν
992 3950 1056 4028 ἔτη

300 4085 394 4156 Qunam
418 4081 689 4159 interrogationem,
712 4082 952 4162 qnandoquidem
975 4075 995 4160 ἢ
1016 4080 1246 4159 comparativum
1263 4087 1329 4140 eum
1346 4099 1438 4158 gene-

300 4182 359 4242 tivo
382 4181 610 4260 comparationis
632 4182 771 4262 componi
799 4181 901 4259 nequit
930 4186 959 4239 et
980 4178 1153 4240 alterutrum
1177 4177 1295 4249 suflicit,
1323 4179 1437 4240 lloecbb

301 4282 330 4344 in
360 4282 431 4342 duas
466 4288 564 4360 partes
598 4281 714 4351 dividit,
750 4299 875 4359 quarum
909 4276 1103 4358 posteriorem
1136 4277 1180 4339 sic
1208 4276 1436 4356 interpretatur:

302 4389 365 4446 ‘out
387 4381 454 4460 quid
476 4381 620 4442 mulorum
641 4381 782 4461 rela'pnum
803 4376 879 4439 estl‘
913 4376 969 4440 Sed
986 4376 1191 4440 Schneidewin
1207 4376 1317 4438 collatis
1333 4377 1437 4441 bescb.

301 4479 451 4557 Agame.
472 4477 544 4552 864,
574 4478 643 4540 Eur.
673 4479 742 4540 Heo.
766 4497 791 4537 v.
811 4475 881 4548 233,
911 4476 980 4538 Tro.
1006 4497 1029 4538 v.
1047 4477 1107 4538 720
1135 4475 1292 4538 formulam
1323 4470 1438 4538 κάκιον
