3266 5084
669 346 890 412 ...43..

208 531 308 604 ματος
330 524 355 586 is
378 524 537 586 denotatur
559 523 636 602 apud
659 529 772 603 poetas,
796 522 847 602 qui
871 530 917 584 est
931 523 1014 602 quasi
1036 523 1068 584 in
1090 523 1227 585 acumine
1249 523 1354 585 aetatis

208 620 356 691 robustae,
390 622 470 702 quod
504 629 549 684 est
582 622 662 701 apud
690 621 835 688 orationis
863 621 978 684 solutae
1000 622 1160 702 scriptores
1176 617 1352 702 ’ἀκμάζων

209 723 273 794 Qua
296 720 323 782 vi
345 726 460 782 servata
476 739 544 781 enm
560 719 630 781 alibi
646 729 710 784 tum
734 720 766 782 in
787 719 845 782 illis
861 720 1029 801 Aeschyleis
1051 720 1124 782 loeis
1148 728 1309 800 usurpatur
1324 729 1353 782 et

209 821 271 900 ipse
287 819 448 899 Sophocles
464 819 521 880 lroc
542 818 721 881 adieetivum
745 835 837 884 sensu
859 819 922 880 eius
938 819 1036 880 nativo
1052 828 1168 882 servato
1183 820 1219 900 ad
1235 827 1354 902 tempus

209 918 351 980 transfert
374 917 418 979 lli.
443 937 468 978 v.
486 915 545 978 921

309 1057 356 1139 ὥς
378 1061 533 1147 ἀκμαίας,
557 1063 588 1126 εί
610 1065 704 1147 βαίη,
722 1059 758 1128 ’ν
780 1063 892 1146 μόλον,

209 1219 227 1280 i.
251 1239 276 1280 e.
299 1221 410 1300 inipso
432 1223 567 1298 temporis
588 1229 727 1286 momento
749 1237 771 1279 s.
796 1221 1062 1298 opportunmsimus.
1106 1217 1184 1298 Ergo
1214 1211 1356 1296 ἀκμαίας

209 1317 259 1380 hie
286 1318 349 1380 seni
378 1317 551 1398 imperatori
585 1317 695 1398 opponi
725 1317 839 1397 nequit.
878 1315 985 1399 Γηράς
1007 1328 1106 1380 autem
1129 1319 1252 1398 recepit,
1275 1315 1355 1396 quod

211 1415 306 1480 verbis
334 1415 419 1501 γήρᾳ
448 1417 619 1499 σημαίνων
646 1415 826 1488 offendebat,
859 1415 970 1497 quippe
1003 1435 1078 1498 quae
1111 1417 1185 1478 nihil
1217 1417 1273 1478 nisi
1306 1423 1357 1477 aut

212 1516 358 1578 senectuti
380 1516 575 1597 imperantem
593 1523 645 1578 aut
659 1515 858 1596 imperantem
874 1523 1030 1578 senectute
1045 1515 1209 1596 significare
1223 1519 1355 1594 possent.

212 1616 249 1676 nt
282 1615 363 1695 quid,
398 1635 519 1698 quaeso,
552 1615 674 1678 oliendit
706 1615 755 1677 hic
787 1632 908 1676 sensus:
943 1621 1097 1681 ‘sanctule
1129 1609 1295 1694 impercus‘,
1329 1620 1358 1673 et

210 1713 324 1775 dativus
346 1713 540 1776 instrumenti
563 1714 607 1774 vel
630 1707 758 1776 causae?
796 1714 855 1775 Sed
879 1732 946 1774 eum
971 1713 1031 1774 sola
1055 1703 1356 1792 vocabulaoixpatog

210 1818 240 1872 et
262 1807 363 1894 γηράς
384 1812 440 1874 sibi
462 1812 571 1893 opponi
592 1820 675 1873 ratus
699 1831 754 1892 pro
770 1812 925 1892 participio
941 1811 1111 1893 σημαίνων
1131 1811 1206 1872 illud
1229 1803 1356 1891 σημάν-

210 1932 276 1992 τωρ
298 1911 438 1974 substitui
462 1913 558 1985 vellet,
587 1931 622 1972 eo
645 1911 790 1972 adductus
813 1920 867 1982 est,
894 1919 929 1972 ut
955 1918 1060 1991 poetae
1083 1909 1170 1970 rerba
1202 1909 1356 1971 nonsatis

210 2017 289 2072 reete
310 2009 503 2091 intellegeret.
541 2010 696 2072 Sententia
719 2009 799 2072 enim
823 2010 948 2090 simplex
970 2009 1027 2071 loci
1050 2010 1123 2070 haec
1139 2008 1254 2069 videtur
1276 2027 1355 2070 esse:

212 2116 314 2190 ‘ptum
334 2128 423 2190 neque
445 2113 555 2172 iuuenis
576 2127 664 2189 necare
687 2112 737 2190 put
757 2118 895 2170 senectute
917 2113 1041 2189 imperat
1063 2106 1244 2186 corstinpoet'.
1272 2102 1356 2188 γήρᾳ

211 2201 383 2290 σημαίνων
408 2217 454 2270 est
480 2208 506 2270 is
534 2207 583 2288 qui
607 2215 762 2268 senectute
783 2207 803 2268 i.
827 2227 852 2268 e.
876 2215 999 2288 propter
1024 2213 1208 2270 senectutem
1233 2205 1356 2284 eiusque

211 2307 335 2369 virtutes
367 2314 457 2388 atque
489 2314 567 2370 artes
596 2305 758 2386 imperium
786 2305 871 2385 gerit.
916 2305 1007 2372 Recte
1040 2305 1161 2385 quidem
1193 2321 1209 2366 e
1236 2303 1354 2382 Reisigii

211 2406 359 2468 sententia
387 2425 411 2466 v.
436 2406 470 2466 cl.
495 2405 648 2466 adseveret
677 2403 885 2484 imperatorem
916 2404 977 2465 sive
1005 2402 1228 2465 iuvenemsite
1250 2419 1354 2464 senem

212 2503 269 2566 hoc
290 2505 355 2566 loeo
378 2503 500 2582 requiri,
521 2502 551 2564 id
575 2503 654 2582 quod
678 2512 840 2582 negatura
863 2502 1008 2566 Meinelrio
1032 2519 1094 2564 non
1117 2508 1276 2581 reputante
1297 2501 1355 2563 tale

208 2603 282 2682 qnid
305 2611 339 2663 ut
359 2602 438 2678 dung
459 2620 488 2661 u.
505 2601 562 2671 tlt,
585 2617 710 2680 puerum
734 2610 825 2680 etque
848 2618 959 2674 senem,
984 2601 1117 2664 νεανίαν
1138 2597 1195 2662 καὶ
1217 2595 1355 2682 γέροντα

211 2719 266 2780 pro
280 2699 460 2780 pronomine
481 2698 571 2760 aienti
588 2717 817 2779 unoquoque
840 2701 883 2762 vel
908 2699 999 2772 omni,
1023 2698 1150 2762 minime
1165 2718 1219 2778 pro
1236 2696 1355 2777 neganti

211 2799 355 2862 nemine
378 2799 424 2860 vel
443 2798 526 2860 nullo
547 2797 604 2860 dici
619 2807 670 2860 sut
691 2798 750 2860 dici
764 2817 862 2878 posse.
901 2798 958 2862 Sed
975 2799 1054 2880 quod
1070 2797 1182 2862 llitschl
1206 2797 1316 2860 diserte
1338 2815 1355 2858 n

212 2905 298 2979 poeta
332 2895 521 2959 enuntiatum
557 2897 628 2971 vult,
665 2899 815 2960 sententia
854 2897 1031 2960 continetur.
1087 2896 1160 2960 Nam
1199 2905 1354 2976 postquam

213 2996 331 3076 negavit
357 3004 443 3076 poeta
471 2995 577 3071 olivam
602 2997 780 3074 exstinctum
803 2997 1017 3070 iriaiuvene,
1039 2995 1241 3076 additusque
1263 2995 1298 3056 ab
1321 3014 1356 3056 eo

212 3095 263 3176 qui
286 3101 441 3156 senectute
463 3094 614 3174 imperet..
643 3096 706 3169 Qua
735 3096 877 3176 loquendi
901 3095 1028 3158 lormula
1053 3094 1188 3168 efficitur,
1216 3101 1249 3158 ut
1273 3093 1355 3174 quasi

211 3215 264 3278 per
292 3195 414 3274 figuram
446 3193 594 3274 quandam
624 3188 692 3256 ἀπὸ
720 3193 833 3258 κοινοῦ
863 3195 958 3277 poetis
982 3193 1205 3258 usitatissimam
1228 3191 1356 3256 audituri

211 3295 383 3374 intellegant
405 3289 542 3374 iuvenem
567 3311 686 3374 quoquo
719 3291 929 3374 imperatorem
953 3293 1106 3376 designari.
1145 3293 1245 3366 Quum
1267 3289 1357 3371 igitur

213 3391 300 3456 verba
324 3381 400 3454 oit'rs
419 3385 505 3474 γήρα
532 3381 704 3472 σημαίνων
729 3410 801 3453 sana
825 3399 854 3454 et
876 3389 1008 3454 Triclinii
1037 3392 1124 3454 lectio
1151 3383 1212 3452 τᾶν
1238 3383 1277 3451 οὔ
1306 3409 1356 3462 τις

213 3489 338 3552 traditae
364 3486 402 3550 ao*
429 3489 490 3568 μέν
518 3508 570 3562 τις
592 3483 630 3551 ori
656 3489 850 3571 praeferenda
874 3510 937 3552 esse
960 3489 1103 3564 videatur,
1137 3489 1234 3550 solum
1265 3495 1358 3550 restat

213 3591 359 3670 glossema
395 3583 530 3670 νεαρός,
568 3607 627 3670 quo
665 3609 680 3650 a
717 3589 858 3652 Graeculo
896 3590 1024 3672 quodam
1058 3587 1247 3650 Homericum
1285 3585 1357 3648 illud

212 3683 355 3770 αίζηός
378 3687 553 3766 explicatum
571 3705 635 3750 esse
651 3687 773 3750 conicio.
809 3689 874 3761 Quo
891 3687 961 3770 quid
977 3687 1074 3768 aptius
1090 3687 1124 3749 ad
1142 3686 1356 3766 designandum

212 3788 351 3849 iuvenem
381 3785 509 3848 Xerxem
544 3795 574 3848 et
606 3795 708 3850 contre
738 3788 944 3850 collocandum
978 3788 1044 3850 seni
1071 3781 1272 3848 Archidamo?
1315 3784 1357 3846 lle

213 3884 292 3948 vocis
316 3879 428 3966 αίζηός
451 3885 550 3947 radice
573 3903 606 3946 ec
629 3885 655 3947 vi
679 3885 715 3948 ol.
739 3885 851 3948 Goebel
872 3907 900 3970 p.
919 3886 990 3950 397.

298 3983 467 4062 Legendum
490 3983 580 4062 igitur
602 3991 648 4045 est

314 4130 384 4194 τὰν
406 4126 452 4193 οὔ
474 4152 534 4204 τις
557 4127 696 4216 αίζηὸς
718 4127 792 4199 οὔτε
813 4128 897 4216 γήρᾳ
919 4134 1099 4215 σημαίνων.

215 4283 371 4346 Particulis
405 4281 582 4361 negantibus
616 4278 774 4345 ori-orire
808 4283 940 4345 membra
975 4284 1014 4345 ita
1048 4291 1287 4364 componuntur,
1323 4293 1358 4346 ut

214 4382 364 4466 posterius
386 4382 478 4461 priori
501 4383 710 4444 tantummodo
734 4383 917 4462 adiungatur,
944 4401 1005 4446 non
1028 4382 1176 4445 artissime
1192 4384 1355 4463 copuletur.

214 4483 251 4544 el.
274 4482 306 4544 ll.
323 4481 359 4542 Vl
374 4500 419 4542 vv.
436 4481 498 4542 450
510 4499 576 4560 sqq.
