3266 5084
687 287 908 348 ...Π-

226 458 273 535 ἐξ,
298 456 376 534 ὑπό,
399 456 469 524 ent
490 463 658 541 genetivum
682 459 874 540 poscentibus
897 461 1060 541 composita
1083 471 1164 535 suut,
1186 466 1369 526 accusativus

225 569 411 640 sequeretur,
433 561 576 640 probatur
598 560 739 640 exemplis
763 559 936 620 verborum:
967 557 1180 640 ἐξίστασθαι,
1203 559 1368 646 ἐκστῆναι,

225 652 487 733 ὑπεξίστασθαι,
510 653 735 742 ἀφίστασθαι,
759 653 1002 740 ἐκτρέπεσθαι,
1032 652 1289 742 δπεξέρχεσθαι,
1318 661 1369 724 ἐα-Α

224 752 365 837 deiectu,
381 754 558 835 Ιἐκκλίνειν,
582 757 700 837 quibus,
727 757 906 836 simulatque
929 773 1008 820 mera
1038 757 1172 838 fugiendi
1193 759 1369 838 significatio

225 857 312 928 inest,
335 856 516 918 accusativus
537 874 592 936 pro
614 855 702 917 solito
724 855 861 935 genetivo
885 855 1011 918 additur.
1055 856 1098 918 lta
1120 876 1241 937 semper
1261 859 1368 922 iisdem

224 954 491 1034 praepositionibus
509 953 714 1035 'compositum
731 953 854 1016 verbum
877 947 1090 1036 δπειιτρέχειν
1112 973 1181 1019 oum
1204 959 1368 1022 accusativo

225 1053 383 1125 invenitur,
397 1053 499 1114 Trach.
508 1072 533 1112 v.
544 1051 603 1114 167
613 1043 733 1134 χρόνον
742 1049 845 1126 τέλος,
856 1053 922 1116 Ant.
931 1072 956 1112 v.
970 1051 1050 1116 1086
1062 1051 1271 1135 τοξευμάτων
1283 1053 1367 1118 θάλ-

210 1170 299 1224 Ιπος,
312 1149 497 1212 Eur.llled.v.
506 1149 569 1212 524
575 1146 914 1227 vloouatytavmndr.
921 1171 946 1212 v.
957 1145 1139 1233 415μόρον,
1148 1153 1261 1216 Phoen.
1271 1175 1296 1214 v.
1305 1155 1345 1218 87
1349 1156 1367 1217 3

224 1239 338 1328 θεούς,
354 1249 465 1313 Herod.
477 1248 499 1322 l,
518 1248 578 1311 156
595 1245 631 1310 τό
648 1245 769 1332 παρόν.
801 1249 914 1322 Quodsi
930 1249 1022 1330 igitur
1040 1270 1107 1312 cum
1123 1236 1298 1326 Wecklinio,
1320 1273 1367 1318 ars

224 1347 315 1426 Soph.
332 1347 449 1410 emend.
473 1366 501 1426 p.
519 1347 569 1419 72,
591 1347 760 1426 genetivum
782 1345 846 1409 τῶν
867 1347 899 1408 in
913 1347 1112 1410 accusativum
1127 1345 1185 1430 τήν
1202 1352 1368 1424 mutaveris,

223 1447 302 1526 quod
325 1443 460 1507 librarius
483 1445 519 1506 ad
542 1436 588 1507 ἄν
608 1445 640 1506 in
662 1445 819 1508 scribendo
843 1445 996 1520 aberravit,
1020 1445 1108 1508 babes
1131 1446 1188 1506 iam
1216 1449 1366 1528 posterius

223 1543 390 1606 membrum
414 1552 444 1606 et
466 1545 611 1607 sententia
634 1545 794 1606 dilucidum
817 1552 848 1605 et
868 1541 980 1623 legibus
1000 1545 1198 1623 grammaticis
1221 1556 1345 1624 rectum,

321 1666 391 1750 τὴν
413 1663 447 1731 δ’
470 1661 672 1750 δπεκτρέπει
694 1665 795 1741 πόδα,

220 1793 238 1854 i.
264 1813 290 1854 e.
313 1795 405 1862 flaons
426 1794 523 1875 [τρίτ’.
561 1794 615 1856 Cui
637 1794 772 1855 membro
796 1793 947 1872 aptissime
971 1793 1150 1872 respondere
1172 1804 1255 1874 patet
1271 1816 1366 1858 mem-

222 1893 318 1964 brum,
342 1893 421 1972 quod
445 1893 518 1954 alter
540 1892 633 1954 schol.
658 1891 742 1953 Laur.
766 1891 898 1970 explicat.
942 1890 1012 1951 Eius
1036 1890 1116 1952 enim
1138 1895 1285 1955 sententia
1306 1905 1364 1958 est:

221 1999 360 2070 ‘quorum
385 2001 510 2054 actatum
531 1991 683 2052 iuuenilem
709 1993 768 2050 viri
791 1989 892 2051 oculus
917 2006 1019 2070 rupere
1044 1987 1136 2050 solet'.
1188 1991 1364 2055 Genetivum

219 2089 309 2167 igitur
336 2089 522 2168 pronominis
549 2080 594 2150 ὦν
621 2087 774 2166 subiungit
796 2086 961 2148 accusativo
990 2087 1111 2156 omisso,
1141 2107 1230 2167 quem
1260 2092 1365 2154 statuit

221 2206 285 2248 esse
305 2184 363 2269 τήν
384 2182 578 2260 στάζουσαν,
608 2181 715 2258 ἄνθος
743 2185 822 2264 quod
855 2183 987 2246 abundat
1021 2204 1082 2245 non
1120 2186 1213 2260 novit,
1247 2191 1365 2268 supplet

220 2285 388 2357 genetivum
421 2280 554 2366 ἄνδράς,
589 2283 639 2366 qui
673 2283 717 2344 vel
750 2282 877 2344 maxime
906 2282 1091 2344 necessarius
1122 2293 1168 2344 est
1201 2288 1365 2350 sententiae

220 2382 358 2461 integrae.
404 2384 486 2456 Quae
515 2401 583 2444 cum
610 2382 651 2442 ita
674 2381 742 2454 sint,
770 2380 948 2442 mutandum
977 2399 1097 2462 quoque
1126 2399 1234 2444 censeo
1256 2381 1364 2459 ἄνθος

219 2481 250 2540 in
273 2472 401 2563 ἄνδρά
408 2503 442 2554 ς,
465 2481 504 2541 ita
528 2488 561 2541 ut
581 2487 669 2560 poeta
692 2477 735 2539 sic
757 2478 911 2568 scripsisse
935 2480 1080 2557 putandus
1104 2479 1155 2541 sit:

721 2593 765 2665 ἄν
788 2597 1000 2684 ἀφαρπάζειν
1023 2601 1117 2685 φιλεῖ

320 2697 499 2785 ὀφθαλμός
521 2697 646 2785 άνδρό
653 2723 684 2778 ς,
706 2697 778 2783 τήν
800 2695 833 2762 δ’
856 2695 1056 2784 inexoptatae
1080 2696 1184 2776 πόδα,

219 2835 358 2908 ‘quorum
378 2828 460 2890 illam
480 2846 583 2907 repere
597 2831 617 2888 i.
632 2847 656 2888 c.
670 2827 724 2908 illa
742 2829 811 2908 frui
830 2826 907 2896 solet,
929 2827 1003 2888 bunc
1022 2828 1098 2908 supet
1117 2829 1362 2890 colmelecta

219 2929 264 2988 etr
288 2945 376 3006 quum
402 2926 525 3006 ospicit'.
550 2927 664 3006 .Spero
694 2927 758 2988 lore
782 2935 816 2988 ut
843 2925 898 2986 hac
920 2944 987 2986 mea
1010 2925 1144 2988 versione
1166 2926 1362 3008 intellegatur,

218 3043 307 3104 quam
330 3041 394 3086 non
416 3024 724 3104 abundetgeuetivus
747 3019 879 3107 ἀνδρός,
907 3024 967 3086 imo
991 3042 1059 3086 vero
1083 3043 1171 3105 quam
1195 3026 1362 3088 necessario

217 3123 395 3201 requiratur.
440 3124 564 3186 Voculae
594 3141 662 3186 vero
696 3121 754 3205 cdv
781 3125 842 3204 μέν
870 3122 1360 3204 omissaesuntutEl.v.l291

217 3217 258 3282 τά
290 3222 359 3301 μέν,
394 3221 497 3285 Trach.
529 3241 554 3282 v.
573 3221 632 3282 117
666 3218 703 3282 τὸ
734 3223 803 3301 μέν.
848 3220 891 3281 Cf.
916 3221 1034 3300 Sauppe
1067 3221 1103 3282 ad
1137 3221 1210 3283 Plat.
1226 3301 1228 3306 Ι
1243 3224 1362 3300 l'rotag.

217 3338 245 3398 p.
262 3317 323 3380 330
336 3318 370 3390 d,
392 3319 502 3390 adnot,
526 3318 676 3380 lluehneri
698 3335 741 3396 gr.
758 3336 801 3396 gr.
816 3318 842 3378 ll
858 3337 886 3395 p.
903 3315 976 3392 808,
998 3319 1100 3380 adnot.
1117 3319 1135 3378 4
1153 3329 1182 3380 et
1197 3339 1224 3398 p.
1243 3319 1314 3392 814,
1333 3323 1361 3383 3.

219 3417 369 3479 Wecklein
391 3419 409 3478 l.
434 3437 459 3478 c.
484 3417 588 3478 Trach.
613 3435 639 3476 v.
659 3417 717 3478 135
740 3416 785 3496 τῷ
809 3409 840 3475 δ’
864 3412 1038 3496 ἐπέρχεται
1062 3424 1132 3476 etv.
1151 3417 1210 3476 117
1234 3418 1360 3492 confert,

218 3516 333 3593 delegat
350 3515 391 3578 'ad
414 3513 551 3595 Seyfferti
574 3515 674 3576 adnot.
698 3514 733 3575 ad
757 3513 799 3574 ni.
816 3533 842 3574 v.
859 3511 931 3572 235.

302 3615 384 3686 Quae
411 3613 578 3676 emendatio
605 3613 725 3674 alterius
748 3613 833 3674 Laur.
858 3611 1033 3673 scholiastae
1064 3619 1093 3683 et
1117 3611 1309 3690 explicatione
1331 3622 1361 3675 et

217 3713 335 3774 silentio
359 3712 579 3792 comprobatur.
624 3711 794 3773 Secundum
818 3711 898 3774 enim
923 3709 1089 3772 membrum
1118 3707 1175 3792 τὴν
1201 3703 1234 3772 d'
1258 3705 1360 3773 όπεκ-

216 3813 329 3894 τρέπει
353 3805 444 3873 πόδα
469 3819 499 3871 ut
523 3810 606 3872 cuius
630 3811 714 3890 plana
738 3810 778 3870 sit
800 3809 947 3872 sententia
971 3808 1191 3888 praetermittit,
1218 3815 1247 3870 at
1267 3810 1360 3889 prius,

215 3911 246 3971 iu
269 3929 329 3989 quo
352 3927 516 3988 pronomen
539 3906 597 3992 τήν
619 3911 678 3991 μέν
700 3910 792 3982 deest,
815 3909 855 3970 ita
878 3907 1011 3990 explicat,
1043 3917 1076 3972 ut
1097 3906 1156 3990 τὴν
1178 3903 1361 3979 νεάζοοσοιν

215 4007 252 4070 ad
274 4006 445 4086 genetivum
469 3999 514 4070 ἄν
536 4007 692 4086 cogitando
716 4008 831 4086 expleat
852 4015 882 4068 et
904 4025 958 4086 pro
982 4003 1100 4079 ἄνθος,
1133 4007 1213 4086 quod
1236 4008 1359 4068 omniuo

215 4122 277 4168 non
310 4104 381 4183 legit
413 4104 445 4165 in
471 4125 525 4166 suo
554 4106 640 4180 libro,
673 4105 844 4184 genetivum
879 4099 997 4185 ἀνδρός
1025 4103 1223 4165 necessarium
1254 4105 1358 4167 tradat.

215 4204 300 4266 Prior
333 4212 432 4266 autem
466 4204 636 4275 scholiasta,
670 4204 721 4284 qui
755 4203 851 4266 lacere
883 4221 943 4264 non
973 4202 1070 4282 potuit
1103 4202 1176 4282 quin
1209 4203 1286 4265 idem
1322 4205 1357 4266 ad

216 4298 397 4384 ὀφθαλμός
423 4310 521 4382 genet.
550 4296 671 4384 ἀνδρός
697 4303 859 4383 suppleret,
889 4302 1017 4366 absurde
1045 4299 1172 4365 absurda
1196 4303 1282 4366 verba
1306 4323 1357 4369 ex·

156 4427 159 4432 ·
215 4399 340 4482 plicavit.
