3268 5072
766 341 988 404 ..36-

299 515 463 578 Coloneum
485 516 578 580 luisse
594 535 609 577 e
625 536 652 578 v.
669 515 708 578 78
725 511 885 599 δημόταις
904 515 1044 596 (tribules,
1068 525 1206 578 nostrum
1222 516 1447 597 Gangenossen)

299 615 421 686 conicio,
443 615 610 694 putendum
634 633 699 676 esse
714 633 867 677 sacrorum
890 616 1054 678 custodem.
1092 616 1177 689 Quod
1200 633 1300 696 neque
1319 631 1337 677 e
1359 615 1450 676 soho-.

298 714 390 776 hostis
414 731 543 795 nequeo
562 714 701 777 Sallustio
723 721 844 776 auctore
866 715 1035 793 argumenti
1052 714 1112 775 hui.
1127 713 1187 777 leh.
1202 715 1329 777 traditur
1351 731 1447 792 neptus

299 831 336 873 ex
367 813 430 893 ipss
463 812 562 876 iehule
594 813 690 893 colligi
722 822 831 893 potest.
877 814 968 874 Versu
1001 813 1081 875 enim
1103 813 1167 876 506
1188 831 1205 874 e
1229 815 1318 876 choro
1349 813 1448 874 accole

298 911 372 985 luci,
400 907 536 983 ἔποικος
558 902 699 986 ἄλσους,
728 911 876 984 indicetur
904 911 955 991 qui
977 911 1112 974 Ismenes
1134 911 1351 973 sacrificatores
1373 929 1448 991 quse

299 1029 373 1090 opos
396 1009 456 1072 sint
478 1009 657 1089 suppeditet.
702 1010 756 1072 llic
782 1010 872 1090 igitur
899 1027 1055 1072 sacrorum
1077 1010 1281 1074 faciendorum
1305 1015 1448 1090 tanquam

298 1109 437 1170 minister
469 1117 558 1190 etque
592 1109 725 1172 aedituus
760 1118 789 1172 et
822 1109 903 1170 domi
936 1129 1007 1171 suec
1042 1127 1163 1172 morans
1193 1109 1326 1172 hebetur.
1370 1109 1448 1188 Ergo

299 1227 392 1287 quum
424 1227 440 1268 s
468 1225 514 1272 vr.
538 1206 673 1290 lhlsqq.
702 1209 931 1289 cognoverimus
962 1227 1050 1282 eum,
1076 1209 1128 1289 qui
1157 1208 1313 1289 Oedipum.
1332 1207 1447 1289 primus

299 1309 444 1387 aspexerit
460 1317 549 1389 etque
565 1309 709 1372 allocutus
731 1308 770 1370 sit
792 1316 822 1370 et
837 1307 984 1370 Colonsos
1007 1307 1043 1370 de
1067 1307 1130 1370 eius
1153 1307 1286 1370 temnere
1307 1308 1448 1369 certiores

299 1405 403 1468 lecerit
425 1407 445 1468 i.
469 1427 493 1468 e.
517 1408 654 1481 incolam,
677 1407 729 1488 qui
752 1407 898 1486 Oedipum
922 1407 957 1468 de
979 1407 1051 1468 sede
1073 1408 1214 1488 pulsurus
1236 1415 1313 1480 eret,
1342 1405 1448 1470 ehiisse

298 1514 332 1568 nt
353 1505 503 1568 Theseum
525 1513 669 1577 arcessat,
699 1505 761 1566 lieri
794 1523 858 1566 non
890 1513 990 1585 potest
1022 1514 1056 1567 ut
1089 1505 1167 1566 idern
1200 1505 1240 1567 sit
1262 1505 1362 1567 accole.
1381 1505 1448 1578 luci,

299 1624 388 1685 quem
413 1606 521 1668 chorus
543 1607 561 1668 l.
585 1625 610 1668 c.
633 1606 737 1667 edesse
759 1612 915 1666 memoret.
960 1604 1029 1667 Tele
1052 1604 1123 1684 quid
1146 1604 1234 1666 etiem
1258 1604 1358 1683 Reisig
1378 1623 1448 1664 senr-

281 1704 371 1766 ›sisse
393 1705 508 1768 videtur
525 1705 671 1767 adnotans
695 1704 727 1766 in
749 1711 923 1767 commentt.
941 1702 1004 1766 crit.
1021 1703 1056 1764 sd
1074 1701 1131 1764 OC.
1148 1721 1177 1782 p.
1195 1701 1272 1764 182:
1298 1702 1344 1766 ‘in
1367 1709 1448 1762 tante

299 1809 359 1863 tem
382 1801 524 1865 inusitate
546 1821 578 1865 re
600 1803 708 1884 hospes
732 1821 770 1864 ne
794 1821 914 1884 sperare
937 1801 1057 1884 quidem
1077 1807 1211 1888 poteret,
1241 1799 1298 1864 sihi
1319 1801 1447 1881 aliquem

299 1917 400 1961 curem
424 1900 487 1962 eius
511 1900 556 1963 rei
578 1901 788 1963 demandatum
812 1900 848 1961 iri
870 1920 887 1960 e
910 1898 1047 1961 civibus’.

359 2000 486 2080 ¹ltoqoe
508 2001 565 2065 hec
586 1999 832 2080 interpretatione
859 1998 982 2069 reiecta,
1017 2015 1075 2077 que
1104 1997 1165 2059 sols
1199 1993 1317 2059 delendi
1347 2003 1447 2077 potest

300 2098 414 2177 vulgate
436 2099 537 2172 lectio,
566 2098 694 2161 formula
722 2106 782 2161 tem
811 2097 937 2177 elliptioe
961 2097 1037 2158 dicte
1065 2104 1112 2157 est
1135 2104 1168 2159 ut
1190 2095 1310 2158 sibimet
1331 2103 1448 2161 tenmm

300 2215 363 2260 non
385 2205 533 2278 repugnet
553 2217 589 2261 eo
616 2207 679 2260 mm
702 2197 828 2260 obscure
851 2205 883 2258 ut
905 2195 976 2260 terri
1000 2204 1136 2277 nequeat.
1181 2193 1295 2270 Quibus
1319 2195 1448 2266 auduom

300 2297 423 2376 opinor,
453 2297 526 2358 Weu
549 2305 579 2359 et
605 2297 701 2377 Bergk
728 2308 796 2376 post
822 2293 957 2366 ἐνδοίξιο
987 2296 1075 2375 plene
1103 2295 1318 2369 distinxerunt,
1346 2297 1386 2358 its
1413 2303 1448 2356 ut

300 2394 397 2459 verbis
420 2396 453 2456 τί
475 2392 544 2477 dpei
578 2395 689 2456 directe
722 2401 850 2473 rogetur.
896 2395 991 2468 Quem
1026 2411 1096 2454 vero
1128 2395 1252 2456 moleste
1282 2402 1314 2456 et
1346 2393 1448 2474 inepte

298 2492 385 2554 haec.
395 2493 679 2572 interrogatiuncula
702 2493 835 2565 addatur,
860 2509 922 2553 non
937 2493 1034 2554 solum
1051 2492 1188 2564 continui
1204 2509 1306 2556 versus
1322 2492 1448 2565 numeri,

299 2592 353 2654 scd
376 2591 465 2653 etiem
488 2611 522 2654 ee
544 2611 621 2673 quae
638 2591 772 2671 Oedipus
786 2591 884 2652 denuo
900 2599 1039 2670 precetur
1052 2593 1226 2654 ostendunt.
1263 2591 1449 2657 coniecturis

299 2688 613 2773 Schneidewinirzptr
627 2685 659 2766 γ’
676 2685 718 2752 ἂν
740 2686 882 2771 ἐνδείξῃ,
906 2707 949 2751 sc.
971 2685 990 2772 ἡ
1009 2681 1120 2764 πόλις,
1143 2693 1176 2752 rt
1199 2688 1280 2773 δρῶ,
1302 2691 1448 2771 inrqnem

299 2787 370 2850 item
395 2805 471 2868 quae
493 2805 583 2869 snpra
610 2788 733 2869 exposui
761 2789 885 2862 cedunt,
915 2796 945 2850 et
967 2789 1112 2870 Hartungi
1135 2787 1269 2861 ἕνδείξω
1292 2782 1345 2852 dre
1369 2787 1448 2871 dede

299 2887 371 2950 sotis
393 2887 549 2967 respondit
562 2887 599 2948 ll.
612 2888 727 2961 Bonitz,
747 2907 772 2950 r.
789 2889 828 2959 d.‚
850 2887 883 2950 in
906 2887 978 2949 actis
1001 2887 1101 2950 societ·
1118 2887 1283 2949 Vindohon.
1298 2888 1353 2949 rol.
1372 2885 1448 2951 titii

298 2985 415 3066 peut.
459 2987 615 3067 Eleganter.
647 2996 681 3049 ut
713 2988 789 3050 solet
811 2985 917 3050 llertin
951 2984 1070 3058 ἐξοιδιὸ
1100 2983 1267 3067 proposuit.
1312 2988 1370 3049 Sed
1392 2985 1448 3050 hoo

298 3095 418 3166 recepto
435 3086 604 3150 membrum
627 3087 775 3166 posterius
792 3087 874 3168 repis
895 3081 928 3164 γ’
945 3082 986 3148 ἂν
1008 3083 1126 3158 ἕξειδῶ
1141 3088 1174 3147 τί
1198 3084 1266 3169 6ρῶ
1289 3105 1351 3148 non
1373 3105 1447 3149 con·-

299 3185 380 3246 venit
401 3185 504 3264 priori.
541 3185 615 3248 Nem
637 3184 785 3248 eMertini
808 3185 935 3248 lectione
949 3185 1033 3247 loeus
1057 3185 1099 3247 sio
1122 3193 1168 3246 est
1189 3185 1445 3266 interpretandum

301 3288 374 3346 ‘non
396 3285 487 3348 audeo
509 3293 534 3345 te
555 3287 668 3346 iniusso
689 3285 769 3347 sets
791 3285 824 3347 de
846 3284 910 3346 sede
932 3283 1080 3364 depellere,
1099 3286 1270 3365 priusquam
1293 3299 1446 3365 mgnooero

299 3381 367 3463 guid
388 3383 462 3444 milei
479 3383 647 3462 faciendum
668 3382 725 3445 sit'.
764 3384 869 3464 dquo
892 3383 921 3444 id
945 3392 1138 3461 cognosceret
1158 3379 1276 3444 incole?
1311 3383 1448 3446 Videlicet

300 3501 315 3544 e
338 3481 456 3544 sinitote
479 3483 523 3542 vel
547 3481 612 3544 ciue
634 3479 869 3562 magistratibus!
907 3482 967 3544 Sed
991 3487 1114 3562 epperet
1134 3487 1200 3542 turn
1222 3483 1327 3544 urbem
1349 3483 1447 3563 aptius

300 3581 331 3641 in
354 3580 524 3645 membrum
538 3580 688 3661 posterius
704 3582 849 3662 quodrere
871 3587 900 3644 et
914 3589 1032 3660 poetam
1050 3580 1145 3642 multo
1166 3581 1340 3646 concinnius
1364 3599 1447 3644 com·

299 3680 450 3759 posuisse:
484 3685 558 3742 ‘oon
590 3679 680 3742 oeteo
713 3690 739 3742 te
770 3680 907 3760 repellere
930 3679 964 3740 de
987 3678 1058 3751 sete,
1089 3681 1260 3758 prtusqoom
1283 3683 1382 3742 o‘ettee
1402 3694 1446 3743 me

299 3779 426 3840 docuerit
455 3777 522 3858 guid
553 3778 624 3840 rudi
654 3779 821 3859 fodendum
853 3776 911 3840 sit’.
962 3778 985 3838 E
1013 3777 1130 3838 Martini
1159 3776 1249 3855 igitur
1275 3780 1446 3843 coniectura

300 3875 523 3955 languidissime
538 3877 714 3957 procederet
736 3877 840 3940 oratio.
878 3876 991 3941 lleinde
1012 3875 1089 3937 idem
1112 3874 1144 3936 in
1165 3875 1242 3938 hano
1256 3879 1342 3952 cedit,
1366 3879 1445 3960 quod

299 3975 330 4037 in
362 3977 511 4054 uulgatum
542 3976 648 4038 cedere
677 3977 833 4040 uerissime
863 3975 1019 4038 contendit
1039 3973 1155 4054 liugos,
1181 3979 1214 4038 el
1237 3975 1305 4060 δρῶ
1327 3987 1445 4040 tentum

299 4074 336 4136 eh
359 4075 477 4136 aedituo
505 4073 562 4136 dici
585 4095 683 4156 posse.
728 4077 784 4150 Qui
820 4075 898 4154 quod
931 4074 996 4154 ipse
1029 4074 1156 4137 coniecit
1187 4075 1376 4156 perticipium
1410 4078 1445 4139 ed

299 4169 434 4244 δνδείξω
456 4174 655 4254 supplendum
678 4193 744 4237 esse
765 4175 811 4236 vel
833 4169 944 4255 μολών
970 4174 1016 4234 vel
1038 4169 1173 4256 δραμών
1193 4175 1239 4236 vel
1260 4171 1388 4256 θορών,
1415 4177 1443 4238 id

299 4279 360 4332 tem
382 4271 532 4334 incertum
556 4283 612 4346 est,
635 4281 668 4336 ut
690 4274 727 4334 ed
750 4281 860 4334 certem
883 4271 1043 4336 lectionem
1059 4272 1276 4336 restituendum
1299 4273 1373 4336 nihil
1395 4293 1444 4336 rs·

298 4371 359 4433 lere
381 4371 445 4434 iure
468 4370 559 4433 dices.
604 4371 708 4434 hlclius
737 4371 816 4434 idem
847 4367 1001 4442 ἐνδείξων
1020 4366 1117 4454 θόρω
1140 4369 1299 4450 legendum
1322 4373 1444 4453 preterit,

299 4468 334 4532 ol.
355 4467 463 4532 'Treoh
482 4488 508 4530 r.
528 4469 609 4532 10³0
632 4465 779 4552 dederes
802 4467 964 4535 deoduino
979 4507 1018 4516 -
1035 4468 1142 4545 νόσος.
1180 4471 1326 4535 dudecior
1345 4471 1444 4534 Neocli
