3268 5072
660 321 876 386 ...25-

199 509 296 562 retum
328 506 496 561 euenturum
527 501 665 578 focrbmrb
686 495 870 561 'uuoedmbon
914 499 957 562 Gi.
981 519 1025 561 vv.
1050 497 1132 562 1389
1140 519 1194 581 ιο,
1222 501 1335 582 ¹quibua

198 603 355 680 postquam
377 597 454 660 sicut
474 608 577 662 nootm
598 599 664 660 loco
686 598 783 661 vorbis
805 599 939 680 proxime
961 596 1207 681 praecedentibus
1229 600 1335 664 Suriae

198 697 438 780 appropinquare
459 695 646 762 dictae'sunt
668 698 813 779 pergitur:

301 787 381 858 ὥστ’
403 791 442 862 οὗ
462 794 592 880 μακρὰν
613 792 659 859 ἔτ’
681 794 815 880 ἐμμένοι
904 842 907 850 .

199 911 202 920 ⁴
299 888 420 976 υούμόν
442 893 567 979 φρενῶν
589 893 717 979 ὄνειρον
737 887 973 978 αἰωρούμενον.

284 1015 310 1058 v.
333 996 404 1056 515.
437 993 564 1058 aliodem
602 997 749 1069 carmine,
786 995 870 1058 euius
906 1013 995 1076 supra
1028 995 1166 1068 memini,
1204 1004 1336 1058 extremo

83 1107 88 1121 ·
199 1093 316 1174 Pelopis
339 1087 463 1156 innodo
485 1114 571 1158 causa
595 1096 740 1158 maiorum
763 1095 879 1168 dicitur,
902 1094 1010 1175 quibus
1034 1094 1073 1156 sit
1095 1094 1336 1180 affectaui‘elopi-

199 1194 303 1254 damm
333 1210 416 1271 gens.
461 1192 540 1256 Nam‘
563 1193 741 1279 simulatque
768 1193 900 1274 Myrtilus
934 1191 1082 1255 ilie'mari
1111 1211 1227 1255 mersus
1253 1193 1292 1255 sit
1320 1214 1337 1257 e

199 1311 288 1354 curru
318 1309 408 1354 aureo
442 1292 566 1370 eiectus,
604 1293 740 1355 nondum
777 1291 954 1356 contumelia
986 1291 1093 1354 liberas
1126 1292 1218 1354 tuisse
1251 1291 1337 1356 hasce

199 1391 315 1453 dom.
352 1391 442 1454 Gaius
466 1391 603 1456 carminis
625 1393 711 1456 tertia
733 1411 810 1474 paro,
833 1409 911 1474 quae
932 1401 1035 1472 grtece
1059 1389 1200 1454 vocabulo
1222 1393 1337 1472 epodas

198 1491 314 1560 dicitur,
330 1491 443 1552 :iambis
460 1491 503 1553 ita
527 1493 691 1572 composita
718 1501 780 1565 eet,
806 1500 840 1555 ut
865 1493 941 1556 duae
965 1491 1149 1572 tetrapodiae
1167 1492 1337 1574 hexapodia,

165 1629 167 1636 ·
198 1589 304 1652 deinde
337 1598 479 1670 quattuor
509 1591 688 1672 tetrapodiae
721 1593 812 1654 altera
843 1592 1007 1674 hexapodia
1040 1591 1234 1671 excipiantur,
1271 1600 1337 1654 tum

197 1690 274 1795 duee
294 1690 478 1770 tettrpodiae
498 1691 590 1754 duem
617 1691 705 1772 epedt
730 1691 848 1754 iaciant.
893 1693 1027 1766 Quarum
1055 1691 1173 1754 ochema
1195 1691 1252 1752 hoc
1272 1697 1334 1753 est:

200 1811 265 1870 §a
282 1822 305 1858 ε
322 1821 343 1857 n
361 1813 435 1858 inte

283 1903 392 1964 Poetae
413 1909 512 1965 autem
534 1901 622 1964 rerba
644 1911 716 1966 sunt

202 2035 205 2042 Δ
275 1997 414 2065 ·ἔλιπεν
434 1997 470 2063 ἐκ
491 1996 585 2064 τοῦδ’
609 2000 720 2076 ούκους

197 2131 201 2143 ·
300 2095 490 2174 πολύπονος
511 2099 614 2162 αἰκία.
694 2136 699 2148 ›
779 2138 783 2146 ·
887 2117 889 2129 ·

198 2197 239 2260 Ut
271 2200 452 2264 nominativo
486 2199 620 2262 adiectiri
652 2195 858 2275 πολύπονος,
893 2212 987 2280 quem*
1016 2207 1111 2262 metro
1140 2199 1265 2266 minime
1286 2219 1336 2290 pa-

198 2317 331 2382 pugnare
353 2301 430 2362 ultre
446 2300 588 2374 concedo,
604 2299 763 2372 edendam,
779 2314 899 2362 moveor
916 2298 1064 2362 sententia
1079 2315 1156 2379 quae
1171 2299 1337 2362 coniunctio

195 2385 294 2462 ¹verbis
328 2395 518 2472 πολύπονος
545 2391 639 2460 αἰκία
672 2398 806 2461 efficitur.
851 2397 925 2461 Nam
956 2398 1019 2460 fieri
1046 2405 1145 2478 potest
1170 2406 1204 2460 ut
1229 2416 1256 2460 r.
1273 2397 1335 2460 but

199 2495 323 2561 iuncto
357 2499 503 2561 laboriosa
539 2498 701 2580 praedicari
737 2497 844 2578 possit,
882 2497 945 2560 fiori
981 2503 1094 2577 potest,
1131 2499 1267 2579 inquam,
1302 2505 1338 2562 ut

199 2592 339 2675 ἀνάγκαι
361 2597 431 2659 Eur.
455 2597 504 2658 0r⁴
519 2617 546 2659 r.
566 2595 656 2670 1011,
686 2603 720 2658 ut
740 2597 880 2660 iuvenum
895 2595 1202 2660 -taceuaememcrum
1224 2595 1335 2677 cryptia

199 2696 269 2758 Piat.
293 2697 367 2776 legg.
383 2697 398 2757 i
411 2715 439 2776 p.
457 2694 518 2758 633
534 2697 565 2769 B,
589 2695 768 2776 στρατηγία
790 2695 868 2756 Ρ1υ1.
891 2694 1000 2756 Timoi.
1022 2715 1044 2758 c
1063 2695 1114 2772 36,
1126 2690 1217 2776 Ιδορό
1231 2695 1334 2758 desub.

195 2795 281 2856 Pers.
297 2811 323 2855 v.
340 2793 412 2868 320,
433 2789 514 2867 τόξα
536 2795 627 2876 Soph.
644 2794 717 2856 Phil.
735 2813 759 2855 v.
778 2793 838 2854 777
853 2793 1056 2870 itadicantur,
1078 2813 1141 2858 non
1162 2794 1217 2856 dici
1237 2801 1336 2875 potest

199 2893 293 2955 ciete
314 2893 465 2957 imbuto.
510 2894 620 2975 Neque
633 2894 735 2968 Bothe,
760 2893 976 2967 Schneidewin,
1004 2893 1107 2974 Bergk,
1131 2893 1228 2966 Wolff,
1255 2891 1335 2954 bior-

197 2993 285 3065 stadt,
308 2993 447 3070 Schenkl,
469 3011 514 3054 vv.
536 2993 595 3069 du,
622 3011 684 3056 uon
708 2993 904 3056 offenderunt.
950 2993 1080 3073 Recepto
1110 2999 1208 3054 autem
1231 2987 1335 3054 πολυ-

198 3087 349 3175 πήμονας
381 3093 480 3155 Botbii
513 3102 564 3156 aut
593 3087 836 3176 πολυπάμονος
868 3091 1003 3172 Berghii,
1042 3089 1233 3154 attributione
1263 3091 1334 3154 sub·

198 3191 317 3253 stantivi
339 3192 458 3265 οἴκους,
481 3192 575 3253 maior
596 3209 613 3254 a
633 3209 719 3254 versu
743 3190 843 3272 priore
866 3189 1063 3271 discrepantia
1087 3190 1223 3265 officitur,
1245 3205 1335 3271 quam

198 3297 232 3352 ut
253 3290 375 3352 concedi
396 3291 499 3370 possit.
544 3291 640 3364 Quam
673 3297 707 3353 ut
736 3290 857 3352 evitaret
879 3289 1007 3352 Schenkl
1033 3285 1238 3363 πολύστονος
1263 3307 1334 3370 pro·

198 3389 307 3470 posuit.
351 3390 389 3451 dt
420 3389 582 3470 requiritur
615 3390 709 3452 mrito
736 3390 828 3470 magis
850 3389 1003 3450 attributio
1028 3384 1204 3450 substantivi
1225 3389 1335 3462 οἴκους

199 3507 286 3568 qnam
309 3486 402 3552 oubst.
424 3487 528 3550 cteta.
573 3489 678 3550 Statue
699 3487 789 3569 igitur
809 3488 966 3567 legendum
989 3482 1223 3561 πολυπόνους.
1268 3487 1335 3561 Quo

201 3587 364 3650 accusativo
393 3595 513 3669 recepto
539 3581 877 3670 tetrapodia'porterior
900 3587 992 3668 priori
1018 3587 1179 3668 respondet
1205 3593 1235 3648 et
1262 3584 1334 3648 sub·

198 3687 327 3750 stantivo
349 3688 459 3760 οἴκους
480 3707 532 3749 sua
549 3687 704 3750 attributio
727 3688 825 3750 addita
848 3695 903 3749 eet.
940 3685 1034 3752 ideam
1050 3687 1191 3749 -iectiouis
1211 3685 1335 3748 traditae

199 3786 393 3848 mutationem
414 3787 558 3850 leniorem
582 3806 758 3868 essequam
783 3786 931 3850 Schenklii
954 3796 1004 3850 aut
1026 3785 1142 3866 Rerghii
1164 3785 1211 3848 val
1236 3783 1334 3848 Bothii

198 3894 286 3966 patet.
331 3886 501 3950 Scaeuam
524 3887 687 3952 sennenn
709 3887 804 3950 multo
827 3887 922 3968 aptior
943 3895 996 3948 eat.
1043 3880 1239 3958 Πολύπονος
1254 3884 1334 3947 enim

198 3985 353 4050 bominum
397 3986 561 4068 epithetum
597 3985 810 4052 creberrimum
828 4050 830 4058 ,
848 3993 893 4050 est
930 3993 960 4048 et
995 3984 1219 4050 celeberrimum
1257 3983 1334 4064 apud

198 4091 310 4164 poetas,
327 4085 363 4146 ci.
379 4079 495 4170 ἄνδρες
510 4087 595 4151 Pind.
610 4083 692 4150 Nem.
708 4085 731 4162 1,
746 4105 772 4148 v.
789 4085 839 4162 49,
854 4085 969 4168 βροτοί
984 4083 1088 4148 bosch.
1104 4083 1207 4165 Suppl.
1221 4102 1247 4144 v.
1261 4082 1333 4156 382,

194 4176 322 4261 Ἀχαιοί
348 4183 436 4264 Soph.
465 4185 509 4246 ni.
534 4205 559 4247 v.
577 4183 637 4247 638
654 4193 708 4248 otc.
757 4185 868 4248 Domus
902 4205 970 4248 vero
1002 4171 1163 4248 laboriosae
1195 4203 1251 4266 pro
1284 4203 1333 4246 eas

198 4281 397 4344 babitantibus
431 4283 475 4345 vel
508 4301 561 4364 pre
590 4291 676 4362 gente
704 4283 797 4347 dictae
824 4293 895 4347 sunt
921 4293 954 4346 ut
980 4285 1049 4346 Eur.
1073 4283 1186 4347 ideraci.
1211 4303 1237 4346 v.
1261 4282 1332 4345 932.

201 4378 372 4465 Μυκῆναι,
396 4383 431 4444 ci.
455 4390 549 4444 noste
572 4381 629 4444 fab.
645 4401 671 4443 r.
690 4383 728 4444 10

191 4473 196 4484 ’
297 4475 565 4564 πολύφθορόν
586 4501 621 4543 τε
642 4479 754 4564 δῶμα
776 4475 975 4544 Πελοπιδῶν
996 4474 1082 4544 adde.
