3268 5072
663 334 881 396 ..21-

200 522 285 596 patre
300 512 441 576 destituto
463 511 561 574 faciat.
598 512 746 584 Quidnam
769 517 868 572 autem
891 508 965 570 lucri
988 527 1022 568 se
1042 507 1187 568 facturam
1210 505 1236 568 si
1259 505 1343 585 queri

200 611 369 676 destiterit?
391 630 494 674 nonne
516 631 548 674 se
571 609 691 673 viuere?
718 611 793 672 male
816 609 937 690 quidem
959 607 999 668 ita
1021 614 1122 668 tamen
1144 614 1178 668 ut
1201 603 1258 668 sibi
1279 603 1344 666 suf·

200 714 288 776 ficiat.
333 713 441 774 Verum
475 729 507 772 se
539 711 595 772 illis
628 710 679 790 qui
710 717 823 790 patrem
857 706 1063 770 interemerint
1090 705 1245 768 molestam
1269 721 1344 778 essa,

201 833 267 876 cum
291 810 512 892 Chrysothemis
533 809 629 872 verbis
657 809 746 871 modo
776 807 886 880 oderit,
914 825 947 870 rc
973 805 1038 886 ipsa
1066 823 1135 866 cum
1161 803 1219 866 illis
1247 801 1344 864 iaciat.

199 911 238 974 tt
260 916 353 972 semet
375 927 528 989 nunquam
553 926 704 971 cessuram
726 907 828 981 donis,
859 904 966 984 quibus
996 905 1050 966 ista
1073 921 1154 966 nuuc
1176 901 1345 983 superbiat3

199 1011 248 1074 isti
260 1011 337 1072 lauta
350 1027 451 1071 mensa
464 1017 630 1088 apponatur
643 1016 672 1070 et
683 1007 799 1069 abunde
810 1006 904 1068 victus
916 1002 1033 1068 adluat!
1056 1005 1229 1086 Sequuntur
1243 1020 1344 1064 versus

302 1106 377 1190 ἐμοὶ
399 1105 462 1191 γὰρ
485 1103 568 1170 ἔστω
590 1102 691 1190 τούμὲ
713 1103 757 1190 μὴ
780 1104 902 1168 λυπεῖν
922 1098 1023 1186 μόνον

298 1204 466 1288 βόσκημα·
487 1204 544 1288 τῆς
566 1205 625 1288 σῆς
647 1201 682 1276 δ’
706 1199 764 1268 οὐκ
788 1201 851 1284 Spei
872 1200 969 1284 τιμῆς
990 1209 1110 1280 τυχεῖν.

199 1309 334 1382 Quorum
357 1305 506 1370 sententia
528 1305 593 1368 fieri
614 1323 675 1366 nou
695 1311 794 1385 potest
815 1302 888 1382 quin
911 1321 927 1364 e
948 1300 1062 1380 legibus
1084 1299 1284 1380 grammaticis
1306 1297 1345 1360 sit

195 1408 286 1470 'haec:
317 1405 401 1468 ‘milti
427 1405 620 1467 tantummodo
646 1407 680 1466 eit
702 1405 792 1474 α’ίαα,
815 1411 848 1463 ut
870 1402 965 1464 dolore
987 1419 1045 1464 oon
1066 1401 1207 1480 afficr'or’,
1234 1401 1281 1462 vel
1312 1405 1344 1462 ut

199 1504 310 1582 Reisig,
344 1511 470 1566 enarrat.
502 1502 606 1582 Oedipi
634 1503 734 1564 Colon.
763 1521 792 1582 p.
819 1499 888 1575 113,
922 1499 1024 1562 vertit:
1059 1499 1145 1560 ‘modi
1174 1501 1211 1562 sit
1232 1508 1344 1562 tontum

199 1622 373 1677 concessum,
399 1613 433 1666 ut
452 1622 497 1666 me
523 1620 582 1664 ται
600 1612 714 1683 premet
739 1601 867 1664 ciborum
888 1598 1019 1680 cooptat
1052 1599 1125 1660 Nam
1150 1598 1246 1660 verbis
1268 1595 1343 1680 ἐμοὶ

198 1701 260 1786 γὰρ
288 1699 370 1766 ἔστω
401 1709 431 1764 et
460 1696 563 1782 μόνον
591 1697 744 1784 βόσκημα
772 1701 828 1762 vim
851 1697 1016 1762 sententiae
1042 1699 1139 1762 inesse
1161 1697 1287 1760 efficitur
1308 1718 1343 1760 eo

198 1803 278 1884 quod
299 1803 346 1864 illa
370 1801 475 1864 mediis
497 1799 595 1862 verbis
617 1795 718 1881 τούμὲ
733 1797 777 1882 μὴ
794 1797 913 1862 λυπεῖν
934 1805 1066 1878 separata
1088 1797 1174 1858 initio
1197 1798 1342 1860 enuntiati

197 1911 228 1966 et
250 1909 381 1964 extremo
404 1899 542 1964 collocata
564 1907 645 1962 sunt.
690 1899 856 1960 lutiuitivus
886 1904 985 1959 autem
1007 1894 1127 1960 λυπεῖν
1149 1914 1203 1976 pro
1226 1897 1342 1976 passivo

197 1999 386 2066 λυπεῖσθαι
420 1999 516 2062 dictus
549 2007 595 2060 est
627 1997 785 2060 notissimo
808 1997 986 2059 Graecorum
1022 2013 1103 2058 more
1133 1995 1170 2056 cl.
1192 1995 1342 2070 lluehuer,

199 2117 291 2179 gram.
315 2114 359 2178 gr.
382 2096 439 2158 vol.
461 2097 498 2172 ll,
520 2116 549 2178 p.
575 2096 636 2158 585
644 2115 689 2176 sq.
726 2097 828 2158 Restat
849 2103 883 2158 ut
904 2095 1018 2165 articuli
1040 2113 1142 2156 casum
1166 2095 1342 2161 definiamus

197 2205 227 2259 et
247 2192 348 2276 τούμὲ
370 2215 405 2258 ex
427 2195 486 2258 τοῦ
508 2193 566 2278 ἐμέ
588 2202 775 2258 contractum
808 2214 871 2258 esse
905 2202 1083 2264 statuamus,
1116 2193 1157 2255 ita
1190 2201 1224 2255 ut
1256 2194 1343 2258 verba

197 2296 256 2360 ccci
278 2294 336 2379 ἐμὲ
357 2292 402 2378 μὴ
425 2292 545 2360 λυπεῖν
566 2293 669 2378 μόνον
691 2315 707 2357 α
729 2295 917 2358 substantivo
936 2289 1089 2376 βόσκημα
1110 2301 1261 2374 regantur.
1299 2294 1342 2355 [le

197 2395 319 2476 proprio
342 2401 442 2458 autem
464 2395 543 2458 victu
570 2395 632 2458 sive
659 2395 695 2458 de
718 2394 909 2458 nutrimentis
938 2393 987 2456 hic
1013 2400 1131 2472 poetam
1153 2393 1236 2472 loqui
1259 2393 1340 2468 evin-

195 2494 272 2558 citur
293 2494 392 2558 verbis
415 2512 490 2575 quae
510 2495 644 2574 proxime
667 2495 829 2575 praemissa
851 2500 923 2556 sunt
944 2512 988 2554 vv.
1005 2491 1119 2573 itdlsq.

655 2591 710 2656 σοὶ
732 2591 770 2656 ct
792 2590 941 2656 πλουσία

296 2685 444 2774 τράπεζα
465 2691 594 2752 κείσθω
617 2683 674 2754 καὶ
696 2688 890 2775 αεριῤῥείτω
913 2689 987 2771 βίας

195 2802 227 2856 et
254 2791 349 2873 ipsius
373 2790 503 2852 Electrae
533 2790 630 2852 verbis
661 2783 773 2852 clar
796 2797 906 2862 κεναῖς
935 2779 967 2850 d'
991 2784 1173 2872 ἐφίσταμαι
1197 2787 1341 2867 (lleineke

196 2910 251 2972 pro
281 2885 494 2972 ἀμφίσταμαι
522 2889 627 2965 codd.)
655 2885 844 2968 τραπέζαις.
889 2889 971 2962 Quae
999 2886 1203 2966 interpretatio
1231 2889 1340 2950 contir-

196 2998 295 3053 matur
317 2988 408 3050 schol.
432 2988 519 3050 Laur.
543 2989 719 3070 explicante:
751 2985 839 3071 ἐμοὶ,
864 2989 980 3072 φησίν,
1009 2983 1091 3048 ἔστω
1119 2982 1235 3070 τροφή,
1261 3007 1278 3067 η
1301 2985 1340 3073 τῇ

196 3085 319 3171 ἀνάγκῃ
342 3083 445 3170 μόνον
467 3079 657 3169 ἁρμόζουσα
683 3085 738 3148 καὶ
772 3082 829 3171 τὴν
862 3089 981 3168 πείνην
1015 3080 1264 3147 ἅτταλαύναασα·
1300 3077 1341 3148 ου’

195 3186 314 3272 δέομαι
337 3184 398 3270 γὰρ
421 3183 574 3270 τοιαύτης
596 3185 731 3271 τρυφῆς,
755 3177 818 3271 ἀφ’
841 3178 878 3272 ἧς
899 3181 1020 3270 ἡδονήν
1035 3179 1156 3268 σχήσω.
1195 3183 1236 3246 cf.
1253 3183 1344 3246 Wolff

194 3287 230 3348 de
255 3287 346 3366 Soph.
364 3285 454 3348 schol.
472 3305 530 3347 var.
546 3285 624 3347 lectt.
641 3306 670 3368 p.
690 3286 758 3348 186.

279 3385 432 3446 Falluutur
458 3385 560 3465 igitur,
590 3384 641 3464 qui
672 3393 704 3448 ut
732 3391 945 3448 concesserunt
972 3379 1123 3466 βόσκημα
1144 3381 1264 3462 proprie
1291 3381 1340 3443 hic

194 3485 252 3548 dici
286 3485 322 3548 de
356 3484 431 3558 cibo,
464 3485 503 3546 ita
536 3474 637 3566 τοῦμὲ
671 3482 715 3568 μὴ
737 3482 857 3547 λυπεῖν
879 3491 1017 3564 corrupta
1040 3502 1106 3544 esse
1129 3481 1261 3544 arbitrati
1284 3481 1339 3543 alia

195 3585 406 3664 excogitarunt,
441 3591 473 3646 ut
506 3584 693 3657 senteutiam,
727 3603 801 3666 quae
823 3602 911 3666 supra
943 3582 1095 3644 otraditis
1116 3589 1220 3662 poetae
1243 3580 1338 3642 verbis

193 3683 343 3748 enucleata
366 3692 420 3757 est,
444 3683 605 3746 efficerent.
642 3683 713 3745 Falli
735 3703 803 3745 vero
827 3691 857 3744 et
880 3702 929 3744 eos
951 3683 1001 3762 qui
1017 3677 1169 3765 βόσκημα
1184 3679 1287 3742 tralata
1311 3681 1337 3742 vi

188 3783 242 3844 'hic
265 3789 444 3863 usurpatum
468 3802 532 3844 esse
554 3783 609 3844 rati
631 3782 703 3844 item
725 3781 774 3842 alii
801 3780 854 3842 alia
877 3780 1071 3861 protulerint,
1101 3797 1188 3859 spero
1218 3777 1282 3841 iore
1304 3786 1338 3840 ut

194 3901 259 3946 mea
282 3882 510 3962 argumentandi
532 3881 646 3944 ratione
669 3881 865 3960 intellegatur.

277 4000 322 4042 vv.
346 3979 407 4041 495
417 3999 481 4060 sqq.
527 3979 746 4061 Chrysothemis
774 3999 790 4040 a
813 3977 1042 4058 clytemnestra,
1073 3995 1149 4058 quae
1179 3976 1256 4037 malo
1285 3995 1336 4039 ex·

192 4079 295 4142 territa
318 4087 379 4141 erat
400 4079 526 4153 somnio,
562 4079 650 4142 missa
683 4086 717 4140 ut
744 4097 825 4140 sacra
852 4077 961 4139 faceret
984 4077 1019 4138 ad
1043 4075 1134 4156 patris
1157 4076 1336 4156 sepulcrum,

191 4179 324 4240 Electrae
351 4177 541 4259 cupidissime
569 4177 744 4240 auscultanti
774 4185 803 4238 et
834 4177 979 4257 virginum
1012 4173 1217 4252 indigenarum
1245 4175 1335 4236 choro

191 4277 336 4352 narrauit,
363 4295 437 4359 quae
465 4276 500 4338 de
529 4277 631 4339 matris
662 4296 730 4340 cura
758 4285 846 4358 atque
869 4285 950 4338 metu
974 4282 1004 4338 et
1027 4293 1113 4335 causa
1136 4273 1228 4334 novit.
1259 4275 1335 4347 ‘Qua

190 4395 222 4440 re
244 4377 353 4440 chorus
375 4377 479 4448 elatus,
502 4375 561 4437 nisi
582 4383 663 4440 vates
684 4377 774 4438 stulta
798 4377 836 4438 sit
858 4383 946 4458 atque
969 4373 1084 4436 consilii
1106 4373 1261 4454 prudentis
1283 4393 1333 4434 ex-

191 4495 277 4558 pers,
306 4477 464 4540 affuturam
492 4476 549 4538 iam
572 4475 715 4538 Iustitiam
739 4484 847 4538 cantat.
891 4475 923 4536 ld
947 4494 980 4536 se
997 4473 1136 4554 colligere
1160 4493 1194 4536 ex
1217 4473 1333 4534 somnio
