3268 5072
647 337 866 400 -33..

185 512 243 574 nisi
264 511 377 574 lactum
399 519 492 584 esset,
520 511 569 572 illa
599 512 646 572 lex
668 527 766 591 neque
788 519 888 590 rogata
911 531 1009 592 neque
1031 513 1090 574 lata
1110 512 1226 574 fuisset.
1271 512 1334 572 Po-

185 609 358 672 sterioribus
381 618 481 672 autem
503 610 689 690 temporibus
711 609 781 673 satis
802 610 969 673 babuerunt
990 611 1115 684 librarii,
1138 610 1278 691 quicquid
1300 610 1337 671 in·

185 707 336 772 veteribus
372 708 456 772 libris
490 727 580 770 manu
613 708 730 788 scriptis
763 709 906 770 traditum
938 709 1140 782 inveniebant,
1178 709 1335 788 d'digeirter

186 806 399 870 transscribere
421 807 594 870 levioribus¹
607 815 725 870 tantum
748 808 865 870 mendis
890 809 968 870 velut
990 809 1183 888 glossematis,
1213 807 1333 869 aberra·

186 906 327 979 tionibus,
351 906 516 968 litterarum
544 904 788 986 corruptionibus
811 913 867 968 cte.
891 907 1068 970 commissis.
1112 907 1155 969 lle
1176 907 1337 987 Sophoclis

186 1015 288 1068 autem
314 1004 480 1070 fabularum
507 1004 591 1085 qussi
618 1005 742 1068 historia
770 1005 871 1068 critio'a
894 1005 966 1086 quid
1000 1007 1126 1070 sentiant
1159 1006 1232 1069 alias
1265 1023 1334 1070 sum

187 1103 385 1185 expositurus.

273 1202 330 1264 OC.
346 1223 390 1266 vv.
406 1202 661 1284 dispersique
677 1221 769 1265 senex
788 1223 901 1279 caecus,
924 1204 1046 1283 ignarus
1061 1221 1120 1284 quo
1136 1204 1172 1265 ab
1188 1202 1335 1282 Antigona

186 1303 245 1364 lilia
268 1302 373 1364 ductus
395 1303 578 1383 pervenerit,
608 1321 644 1364 ex
665 1303 760 1365 incola
784 1303 973 1384 quaesiturus
994 1309 1072 1376 erat,
1101 1303 1223 1365 ubinam
1245 1309 1336 1366 esset.

188 1401 245 1476 Qui
267 1401 441 1481 priusquam
465 1419 534 1464 eum
557 1402 690 1474 edoceat,
717 1411 821 1464 mouet
844 1409 877 1464 ut
899 1402 970 1464 sede
993 1419 1084 1482 quam
1107 1400 1262 1480 occupavit
1284 1409 1336 1460 ere·

188 1501 282 1562 redet.
337 1500 395 1562 Sed
429 1499 535 1580 Oedipi
568 1500 667 1564 verbis
699 1511 866 1564 commotus
904 1519 974 1564 eum
1010 1503 1080 1564 sede
1118 1519 1238 1562 morere
1274 1515 1337 1560 uon

188 1600 247 1662 iam
269 1599 369 1662 audet.

289 1727 367 1798 ἀλλ’
389 1731 466 1799 οὐδ’
489 1732 569 1818 ἐμόν
590 1758 643 1799 τοι
666 1733 920 1808 τοῧξανιστόναι
945 1733 1073 1810 πόλεως

289 1829 359 1914 δίχ’
383 1831 453 1897 ἐστὶ
476 1833 617 1917 θάρσος,
641 1837 722 1920 πρίν
744 1831 776 1914 γ’
799 1831 841 1900 ἄν
862 1827 996 1908 ἐνδείξει
1019 1838 1051 1897 ai
1075 1833 1143 1916 δρῶ
1150 1861 1160 1911 ,·

189 1987 240 2052 llis
267 1990 299 2052 in
323 1989 456 2054 versibus
481 1991 610 2054 offensio
633 1991 720 2054 nobis
748 1992 886 2063 occurrit,
910 2011 998 2073 quam
1023 1999 1057 2054 ut
1078 1991 1252 2072 expedirent
1274 2009 1336 2051 non

190 2088 348 2168 wntigisss
382 2089 478 2152 adbuc
510 2089 726 2171 interpretibus
759 2109 935 2170 persuasum
969 2091 1072 2153 babeo.
1117 2091 1199 2152 locst
1230 2109 1263 2152 ea
1296 2089 1339 2150 illi
1387 2141 1391 2149 .

189 2189 326 2252 membro
350 2189 432 2270 πρίν
453 2182 488 2265 γ’
511 2184 707 2260 cicindelis
729 2191 763 2250 cl
783 2187 862 2271 deri.
901 2191 988 2263 Quod
1010 2189 1213 2271 nequidquam
1234 2189 1338 2250 collate

188 2287 318 2352 formula
341 2281 527 2369 ἀποστῆναι
550 2284 634 2370 πρός
649 2308 725 2352 τινα
741 2288 967 2354 defendebatur.
1004 2289 1078 2350 Nam
1101 2288 1132 2351 in
1155 2288 1247 2351 activa
1270 2286 1339 2366 qui-

190 2385 259 2448 dem
282 2387 379 2450 forma
400 2380 587 2468 ἀφιστάναι
617 2384 692 2450 τινὰ
721 2381 791 2448 ἀπό
817 2409 907 2460 τινος
935 2389 979 2450 vel
1008 2383 1085 2451 croci
1110 2407 1215 2462 τινος,
1242 2388 1340 2466 [acm

189 2495 223 2548 ut
244 2488 305 2565 qens
328 2483 364 2549 oi
388 2483 484 2565 olr‘qeo
506 2485 631 2566 deficior,
662 2486 753 2548 simul
779 2486 863 2550 facilc
892 2487 1077 2566 intellegitur
1106 2488 1186 2549 bunc
1215 2487 1340 2548 detinere

191 2585 319 2648 adeum
342 2583 391 2663 qui
413 2583 501 2647 iaciat
524 2592 557 2644 ut
571 2584 700 2657 delicias,
725 2584 948 2666 reluthucyd.
965 2583 1150 2660 1,81,init.:
1175 2585 1205 2647 si
1228 2580 1260 2647 δ’
1284 2577 1339 2658 αὖ,

191 2682 386 2748 Archidamus
409 2681 541 2761 loquitur
562 2701 615 2744 rer
635 2682 953 2760 Lacedaemoniorum,
975 2683 1052 2758 τούς
1075 2679 1276 2766 ξυμμάχους,
1298 2701 1341 2746 se.

191 2780 257 2844 τῶν
273 2776 482 2863 Ἀθηναίων,
503 2775 688 2863 ἀφιστάναι
711 2779 950 2866 πειρασόμεθα
970 2817 1013 2828 --
1036 2791 1145 2864 sponte
1166 2781 1342 2844 subintelle-

192 2880 288 2959 gitur:
310 2880 347 2942 ad
361 2878 622 2946 Lacedaemonios.
661 2881 717 2944 Sed
741 2881 856 2961 passive
878 2883 924 2944 vel
945 2882 1130 2945 intransitive
1152 2882 1232 2946 dicto
1255 2875 1342 2941 oino-

193 2978 319 3062 σιῆναι,
343 2979 450 3044 adduci
472 2979 508 3042 od
531 2979 627 3060 aliquo
648 2987 680 3043 ci
703 2980 818 3062 derides
840 2981 883 3042 rel
904 2980 1031 3061 deficere,
1056 2980 1116 3043 nisi
1136 2981 1208 3042 salis
1224 2987 1343 3045 constat

194 3099 211 3140 e
233 3077 289 3142 loci
312 3077 470 3152 sententia,
494 3079 713 3160 praepositione
729 3073 813 3160 πρός
835 3080 1043 3160 adiungendus
1065 3080 1091 3142 is
1113 3088 1169 3152 est,
1190 3080 1229 3142 ad
1253 3097 1343 3160 quem

193 3178 227 3244 tu
251 3177 388 3242 defectio.
433 3177 516 3240 Hanc
538 3177 657 3242 Graecis
683 3179 851 3244 facillimam
880 3197 947 3243 esse
976 3179 1100 3260 ellipsim
1129 3179 1174 3240 rel
1202 3181 1342 3259 frequens

194 3276 259 3344 eius
292 3295 365 3340 usus
399 3277 478 3356 apud
511 3277 670 3357 scriptores
703 3279 894 3342 historiarum
929 3287 959 3341 et
992 3287 1128 3342 oratores
1150 3279 1342 3340 demonstrat.

193 3375 339 3440 Similiter
360 3375 392 3438 io
413 3375 541 3438 formula
563 3369 597 3438 oi
620 3374 656 3438 ἐκ
677 3376 743 3440 τόν
770 3375 927 3459 πολέμων
948 3373 1163 3459 θαπτόμενοι
1180 3385 1231 3434 '===
1253 3371 1345 3441 οἷ’·ἐι

194 3482 265 3546 τοῖς
286 3470 450 3556 πολέμοις
472 3469 705 3549 ἀποθανόντες
726 3474 783 3538 καὶ
812 3474 848 3538 ἐκ
876 3473 1003 3542 τούτων
1026 3467 1238 3559 θαπτόμενοι
1259 3473 1343 3536 notio

197 3572 293 3639 media
308 3573 518 3652 praetermissa
541 3581 595 3645 est,
617 3574 709 3638 Thoe.
726 3575 762 3647 ll,
779 3575 820 3637 35
834 3575 899 3638 init.
938 3574 1018 3648 Quae
1040 3575 1152 3655 ubique
1173 3574 1236 3636 fare
1259 3591 1343 3654 prae-

196 3671 322 3737 termitti
337 3673 412 3736 solet
434 3691 450 3734 a
471 3672 726 3754 breviloquutiae
742 3673 894 3746 studiosis,
918 3674 991 3737 dum
1006 3675 1094 3736 modo
1110 3673 1200 3736 dictio
1216 3678 1345 3734 coartata

196 3770 328 3848 intellegi
350 3771 444 3851 possit
466 3791 499 3834 ac
520 3781 601 3835 recte
623 3772 662 3833 sit
683 3772 858 3852 composita.
901 3772 1004 3852 Longe
1033 3791 1101 3834 vero
1124 3773 1180 3836 alia
1202 3780 1247 3832 est
1267 3770 1345 3832 ratio

197 3867 278 3934 verbi
305 3865 503 3951 drdelsropc.
548 3869 667 3933 Etenim
695 3889 788 3950 quum
812 3871 880 3951 quis
906 3871 1045 3934 detulerit
1072 3871 1109 3934 ad
1136 3869 1279 3932 iudicium
1302 3868 1346 3930 rel

199 3968 433 4048 magistratum,¹
448 3987 511 4032 uon
534 3969 604 4034 buie
624 3968 738 4034 iudices
763 3969 807 4030 rel
829 3969 1018 4050 magistratus
1041 3969 1238 4050 praecipiunt,
1266 3967 1345 4047 quod

199 4067 231 4131 ci
248 4067 415 4132 iaciendum
438 4067 494 4142 sit,
527 4068 585 4130 nisi
618 4071 695 4132 forte
727 4087 762 4132 eo
785 4087 912 4133 munere
944 4067 1085 4132 civitatis⁴
1102 4067 1251 4146 iungitur,
1287 4080 1346 4146 quo

200 4165 347 4244 obligatus
369 4165 408 4230 sit
430 4173 463 4232 ut
483 4167 562 4230 lacto
585 4166 763 4239 intercedat,
797 4167 849 4230 sed
884 4166 957 4246 ipsis
991 4167 1152 4230 videndum
1182 4174 1242 4238 est,
1276 4165 1371 4245 quid.

199 4263 257 4329 sibi
278 4263 447 4328 iaciendum
470 4265 519 4338 sit,
549 4274 583 4330 ut
605 4266 711 4330 norim
734 4266 885 4346 puniatur.
932 4265 971 4328 Ut
993 4265 1084 4344 igitur
1106 4265 1153 4326 bie
1175 4265 1234 4326 dici
1253 4263 1347 4343 possit

200 4360 387 4440 ἐνόειιινεμι
409 4364 442 4426 ri
458 4360 539 4446 δρῶ,
562 4373 644 4428 recte
658 4365 735 4428 Rob.
748 4365 859 4444 finger,
881 4365 912 4428 ni
935 4365 1028 4439 lallor,
1050 4365 1083 4426 in
1098 4365 1201 4427 Philol.
1218 4363 1273 4425 rol.
1287 4364 1347 4436 XV,

200 4479 314 4527 recens.
329 4461 395 4526 libr.
418 4463 459 4532 ad.
479 4462 656 4544 Sophoclem
679 4473 783 4544 spect,
806 4463 967 4538 adnotavit,
990 4463 1075 4544 sequi
1097 4464 1235 4536 incolam,
1258 4480 1346 4544 quem

1153 4565 1188 4622 3*
