3266 5084
772 337 990 400 ...62-

305 513 413 574 Verum
443 510 591 592 posterius
623 511 789 574 membrum
822 509 871 590 πᾷ
898 510 954 574 καὶ
977 512 1032 574 θῶ
1059 531 1157 594 neque
1179 514 1325 576 sententia
1349 531 1446 593 noque

305 629 361 672 usu
384 610 544 690 particulae
566 613 623 671 καί
647 612 717 673 ferri
740 619 849 692 potest.
894 612 970 674 Tum
993 611 1179 686 adimarum,
1209 612 1288 692 quod
1313 611 1445 693 proxime

304 709 450 790 seqnitur,
479 707 594 791 λέχρια
621 711 743 772 verbnm
774 713 903 791 postulat
925 711 1094 790 significans
1117 710 1274 792 applicare,
1304 711 1445 772 inclinare

305 827 337 870 se
364 809 395 870 in
421 808 559 889 aliquem.
605 809 707 889 ltaque
735 809 887 889 Musgrave
914 827 1008 891 paene
1035 811 1113 872 nulla
1143 811 1309 874 mutatione
1337 808 1445 872 κλιθῶ

304 926 358 988 pro
381 905 436 968 καὶ
460 905 514 968 θῶ
543 908 674 970 restituit
700 912 763 970 fere
790 909 930 971 omnibus
955 930 997 972 vv.
1021 910 1069 972 dd.
1093 909 1262 990 probatum.
1307 909 1374 982 Quo
1395 928 1445 972 re·

304 1014 389 1087 cepto
411 1008 557 1069 sententia
580 1008 627 1068 ht:
650 1015 720 1090 ‘quo
743 1008 879 1088 applicem
894 1009 913 1070 i.
930 1028 955 1070 e.
972 1010 1003 1070 in
1026 1028 1113 1089 quem
1137 1028 1185 1070 me
1207 1009 1358 1083 inclinem,
1381 1027 1445 1070 eum

303 1105 445 1167 ioole'ooto
466 1109 578 1168 e'oceoot
593 1126 664 1188 quoe
682 1111 713 1170 io
734 1108 866 1170 morrabos
888 1119 966 1171 coeo
987 1118 1014 1170 et
1027 1109 1210 1172 intolerando
1231 1109 1295 1188 [oto
1314 1107 1444 1188 afflictos

303 1203 379 1266 sim'.
424 1204 548 1268 Restant
568 1206 656 1284 igitur
678 1207 861 1270 emendanda

403 1337 474 1422 ὅπᾳ
496 1340 581 1427 πρὸς
603 1341 745 1427 πότερον
767 1344 843 1421 tdo,

302 1482 333 1542 in
360 1481 467 1562 quibus
489 1483 586 1544 verbis
616 1491 667 1544 aut
698 1476 767 1562 ὅπᾳ
800 1494 851 1547 aut
884 1483 968 1566 πρὸς
1002 1479 1142 1564 πότερον
1170 1481 1320 1544 abundant
1347 1501 1444 1563 neque

303 1581 449 1643 sententia
477 1582 633 1663 posteriori
665 1583 798 1644 membro
832 1582 882 1662 πᾷ
908 1580 1017 1645 κλιθῶ
1050 1581 1220 1663 respondet.
1267 1581 1334 1643 Non
1363 1582 1443 1644 enim

303 1681 461 1743 dicendum
486 1692 531 1744 est
553 1701 569 1742 a
592 1682 731 1754 Creonte,
760 1691 860 1744 utrum
889 1691 1039 1744 mortuum
1069 1683 1179 1756 videat,
1215 1681 1266 1743 sed
1303 1700 1370 1762 quo
1404 1700 1443 1742 se

303 1787 441 1852 vertat,
464 1780 552 1842 simil.
596 1781 665 1843 Tale
688 1781 758 1862 quid
783 1781 954 1844 hominibus
976 1781 1140 1843 infelicibus
1163 1802 1197 1844 ac
1219 1781 1335 1843 miseris
1360 1779 1443 1860 qnasi

302 1887 407 1941 natura
429 1879 554 1942 insitum
578 1899 643 1942 esse
665 1889 694 1942 et
715 1899 768 1960 per
790 1901 823 1943 se
845 1881 1025 1959 intellegitur
1047 1890 1077 1943 et
1100 1890 1232 1946 veterum
1264 1879 1442 1958 scriptorum

301 1978 358 2040 loci
391 1980 562 2041 ostendunt.
606 1980 664 2041 Cic.
699 1981 735 2042 de
768 1979 895 2041 oratlll
929 2000 954 2041 c.
969 1979 1010 2042 56
1039 1981 1138 2056 §214
1173 2002 1189 2064 e
1221 1979 1286 2040 Tib.
1320 1975 1442 2040 Gracchi

301 2077 444 2140 concione
475 2079 569 2160 aliqua
604 2079 696 2140 fratre
729 2080 907 2158 interempto
941 2079 1037 2142 habita
1073 2081 1251 2142 afferuntur:
1289 2083 1362 2157 ‘quo
1392 2095 1440 2138 me

301 2177 392 2238 miser
413 2179 574 2253 conferam,
601 2197 660 2259 quo
690 2175 826 2240 vertam?
861 2179 946 2260 Apud
969 2179 1138 2260 Euripidem
1162 2179 1264 2241 Medea
1287 2196 1302 2238 a
1324 2175 1441 2237 Theseo

301 2275 441 2338 destituta
464 2277 599 2357 queritur
621 2297 646 2338 v.
664 2276 726 2338 502
749 2276 807 2340 νῶν
829 2285 892 2339 ποτ
913 2271 1093 2360 τράπωμαι
1099 2303 1110 2355 ,-
1146 2280 1241 2352 Quam
1253 2275 1441 2339 sententiam

299 2375 334 2436 ad
369 2374 492 2436 verbum
526 2375 617 2436 latine
651 2375 796 2450 redditam
831 2376 933 2438 Cicero
968 2375 1036 2438 ibid.
1060 2397 1084 2439 c.
1102 2375 1142 2438 58
1165 2375 1261 2451 §217
1291 2395 1325 2438 ex
1354 2373 1441 2436 Ennii

299 2473 401 2536 Medea
434 2475 535 2536 affert:
572 2481 643 2555 ‘quo
670 2491 752 2536 nuno
781 2493 830 2536 me
858 2473 1010 2538 vortamt’
1053 2475 1211 2538 Sallustius
1238 2476 1270 2536 in
1300 2474 1441 2554 Iugurtha

300 2591 324 2633 o.
354 2573 391 2634 14
427 2577 444 2648 ξ
474 2575 513 2635 17
550 2572 745 2636 Adherbalem
782 2575 814 2636 in
850 2583 953 2636 senatu
984 2575 1118 2637 Romano
1152 2575 1322 2656 loquentem
1353 2573 1440 2635 facit:

299 2679 374 2752 ‘quo
408 2673 543 2734 accedam
577 2681 628 2734 aut
656 2690 731 2754 qnos
762 2670 943 2753 appellemf’
983 2674 1062 2735 illios
1086 2673 1174 2736 Ennii
1195 2689 1300 2734 versus
1328 2670 1359 2731 in
1382 2671 1440 2733 Cic.

299 2771 385 2833 Tusc.
409 2771 448 2832 lll
471 2790 495 2832 c.
514 2771 552 2833 19
576 2771 651 2845 §44
674 2772 754 2833 citati
776 2780 855 2844 sunt,
886 2773 937 2834 ubi
959 2773 1165 2834 Andromacha
1188 2770 1349 2832 Hectoreae
1378 2771 1441 2849 opis

300 2887 389 2948 egens
417 2870 590 2933 miseratur:
624 2875 699 2951 ‘quo
728 2871 867 2944 occidam,
896 2891 956 2952 quo
985 2867 1168 2953 applicemf'
1208 2870 1307 2944 Quum
1341 2877 1441 2930 autem

298 2961 369 3047 ὅπᾳ
405 2970 541 3050 sequenti
574 2969 629 3047 πᾷ
662 2971 773 3050 optime
810 2971 1008 3050 respondeat,
1046 2970 1237 3032 statuendum
1274 2975 1320 3030 est
1356 2965 1441 3048 πρὸς

299 3064 439 3152 πότερον
481 3070 784 3150 interpretamentum
829 3089 895 3132 esse
931 3069 1152 3149 ineptissimum
1189 3074 1277 3148 atque
1315 3067 1441 3128 maxime

297 3186 547 3248 supervacaneum
570 3169 605 3228 ad
630 3160 710 3245 ὅπᾳ,
739 3169 820 3248 quod
847 3167 985 3230 universe
1014 3167 1125 3230 dictum
1152 3167 1225 3228 falso
1248 3167 1284 3228 ad
1309 3174 1440 3228 mortuos

297 3266 489 3330 referebatur.
539 3266 621 3339 Quae
654 3286 722 3330 curn
756 3267 795 3328 ita
829 3267 905 3342 sint,
939 3267 1236 3348 interpretamentum
1270 3266 1440 3338 delendum,

298 3363 360 3426 ido
384 3375 556 3448 corruptum
581 3365 819 3440 emendandum,
848 3367 923 3430 aliud
951 3367 1072 3430 verbum
1096 3368 1192 3448 aptius
1224 3365 1439 3428 restituendum

298 3471 352 3524 est.
398 3464 484 3538 Quod
514 3460 690 3546 repetition
717 3464 810 3526 fuisse
838 3474 926 3545 atque
954 3462 1015 3528 ἴδω
1046 3473 1218 3546 corruptum
1248 3483 1313 3528 esse
1335 3483 1371 3525 ex
1394 3459 1440 3526 ἰῶ

297 3561 419 3624 conicio.
465 3563 592 3643 Recepto
624 3564 703 3626 eninr
733 3564 853 3626 voculae
884 3556 955 3644 ὅπᾳ
982 3565 1248 3646 interpretamento
1271 3574 1301 3626 et
1322 3573 1439 3626 remoto
1539 3564 1543 3570 '

296 3661 385 3724 verbo
413 3661 545 3744 antiquo,
575 3682 667 3744 quum
697 3663 873 3744 praedicatio
900 3664 1007 3744 prioris
1037 3664 1334 3742 interrogatiunculae
1357 3663 1439 3724 desi-

297 3762 457 3838 deraretur,
482 3754 523 3822 lo‘
547 3768 695 3824 mutatum
719 3771 764 3824 est
787 3764 819 3826 in
842 3759 915 3826 ido.
953 3764 1038 3837 Quod
1062 3782 1097 3824 eo
1119 3762 1233 3826 facilius
1249 3763 1311 3825 fieri
1332 3762 1439 3844 potuit,

297 3862 375 3942 quod
407 3860 463 3922 iarn
499 3857 608 3921 κλιθῶ
642 3861 673 3924 in
707 3860 762 3922 καὶ
792 3860 847 3921 θῶ
882 3871 1053 3942 corruptum
1082 3869 1158 3934 erat,
1191 3862 1292 3943 itaque
1318 3861 1437 3942 antiqua

296 3967 401 4038 poetae
444 3958 589 4022 sententia
632 3957 689 4020 iam
733 3959 819 4040 plane
864 3969 1032 4022 evanuerat.
1092 3959 1268 4042 Quicunque
1304 3961 1438 4034 mutavit,

297 4076 415 4138 operam
453 4057 542 4120 dabat
584 4066 618 4120 ut
654 4058 781 4139 aliquem
818 4068 899 4122 certe
936 4076 1146 4140 quemcunque
1183 4079 1303 4124 sensum
1342 4060 1437 4122 verbis

297 4156 441 4218 redderet.
486 4156 547 4218 lam
571 4158 749 4220 sententiam
773 4159 906 4222 Creontis
934 4158 1109 4222 condicione
1131 4160 1252 4238 dignam
1273 4159 1437 4222 restituisse

297 4254 369 4316 mihi
392 4255 508 4318 videor:

740 4363 811 4431 οὐδ’
834 4365 911 4445 ἔχω,

398 4458 468 4543 ὅπᾳ
492 4466 726 4548 προσπέσοι·
756 4463 801 4528 td
825 4465 875 4544 πᾷ
897 4461 1022 4544 κλιθῶς
