3266 5084
732 257 950 323 ..pg-

369 431 471 516 δῆλον
492 428 614 516 ἔμοιγ’,
643 429 685 506 ῶς
706 433 832 515 φορβῆς
853 420 948 514 χρείᾳ
966 429 1032 494 κτὲ.

270 530 311 592 Cf.
327 549 401 610 quae
417 531 490 592 dixit
505 531 601 592 Ulixes
616 550 660 592 vv.
677 532 789 612 lisqq.
819 531 938 594 Accedit
950 532 1028 612 quod
1044 531 1192 611 neglectae
1206 530 1411 612 responsionis

268 630 346 708 leges
362 647 447 708 aegre
463 630 610 691 feruntur.
640 631 718 703 Quas
739 629 770 691 in
785 649 829 691 vv.
850 629 909 691 135
922 649 984 711 sqq.
1008 647 1023 690 a
1045 638 1131 709 poeta
1155 629 1325 691 observatae
1346 647 1411 690 esse

268 729 326 791 iam
342 727 546 789 Hermannum
562 728 592 788 in
613 736 775 790 retractatt.
798 727 1008 789 adnotatorum
1030 727 1066 789 ad
1083 727 1172 808 Soph.
1190 728 1264 789 Phil.
1284 747 1313 808 p.
1331 725 1350 787 3
1366 745 1409 806 sq.

269 844 331 888 non
356 825 439 906 fugit.
484 825 605 899 ‘Chora
631 826 728 907 inquit
756 827 853 901 enim,
880 827 1035 907 quaerenti
1061 827 1132 907 quid
1159 827 1314 889 sefacere
1341 825 1412 886 velit

268 925 490 1005 Neoptolemus,
516 930 575 985 tam
603 925 823 986 accommodate
850 924 899 986 illo
923 924 1085 1004 respondet
1111 943 1162 986 seu
1182 943 1322 986 versuum
1338 941 1411 986 ana-

267 1023 463 1104 paesticorum
485 1031 654 1102 systemate,
688 1032 721 1083 nt
740 1025 819 1084 nulla
836 1031 975 1104 appareat
995 1023 1120 1103 suspitio
1136 1022 1207 1084 vitii.
1242 1024 1279 1084 ht
1302 1022 1409 1084 mirum

268 1129 369 1184 tamen
400 1129 445 1180 est
475 1121 553 1200 quod
585 1138 647 1182 non
677 1121 778 1183 eadem
807 1129 853 1182 est
879 1121 953 1183 ratio
984 1129 1224 1201 anapaestorum,
1254 1121 1306 1202 qui
1332 1119 1411 1181 anti-

270 1219 424 1298 stropham
455 1217 644 1297 sequuntur'.
696 1218 829 1280 Coniecit
857 1218 948 1298 igitur
974 1236 1078 1280 versus
1108 1225 1178 1289 tres,
1210 1238 1285 1300 quae
1315 1216 1411 1279 tribus

269 1316 457 1397 Neoptolemi
484 1325 514 1377 et
540 1317 622 1378 chori
644 1337 687 1378 vv.
713 1317 877 1378 159-161
905 1317 1138 1398 responderent,
1168 1326 1237 1398 post
1259 1317 1411 1398 stropham

269 1416 422 1477 excidisse.
468 1415 525 1476 Sed
545 1415 699 1494 aptissime
725 1416 883 1477 cohaerent
908 1433 983 1496 quac
1011 1416 1120 1477 chorus
1142 1434 1186 1475 vv.
1210 1413 1270 1476 135
1291 1434 1355 1495 sqq.
1382 1422 1412 1475 et

268 1515 482 1594 Neoptolemus
512 1531 555 1574 vv.
586 1515 645 1574 144
666 1534 731 1595 sqq.
761 1516 939 1595 loquuntur,
971 1516 995 1576 si
1026 1515 1196 1576 distinxeris
1226 1523 1294 1595 post
1324 1514 1411 1576 verba

268 1613 327 1676 νῦν
345 1613 414 1694 μέν,
440 1620 473 1673 ut
488 1610 708 1690 coniungantur
728 1630 795 1674 cum
816 1609 933 1695 δέρκου
953 1612 1102 1692 θαρσῶν.
1133 1613 1209 1673 Tum
1225 1612 1304 1674 enim
1321 1613 1411 1674 choro

268 1712 385 1790 roganti
405 1712 438 1772 ci
459 1725 513 1771 σοι
533 1707 637 1792 χρεῶν
656 1705 847 1794 ὑπουργεῖν,
869 1712 1082 1792 Neoptolemus
1096 1711 1258 1790 respondet
1277 1711 1338 1773 νῦν
1353 1709 1413 1793 μὲν

270 1807 387 1890 δέρκου
415 1807 569 1890 θαρσῶν,
606 1809 687 1882 ἴσως
721 1807 783 1892 γὰρ
818 1807 877 1872 τόν
905 1806 1013 1872 τόπον
1049 1807 1227 1892 προσιδεῖν
1264 1806 1411 1881 ἐθέλεις·

270 1903 398 1970 ὁπόταν
428 1903 465 1968 δὲ
494 1901 578 1990 μόλῃ
609 1905 674 1970 κτλ.
725 1909 855 1988 Apparet
883 1907 943 1970 νῦν
972 1908 1033 1988 μέν
1060 1917 1092 1969 et
1125 1898 1256 1970 όπόταν
1290 1904 1329 1969 δέ
1356 1907 1413 1968 sibi

270 2005 404 2087 opposita
420 2024 495 2066 esse.
533 2006 612 2066 Neve
633 2014 762 2086 systema
777 2025 852 2086 quae
868 2006 974 2068 dicitur
989 2005 1207 2087 anapaesticum
1223 2014 1412 2068 monometro

270 2123 487 2186 supervacaneo
509 2104 685 2180 laederetur,
706 2105 785 2167 idem
806 2125 834 2166 v.
850 2105 879 2166 d.
901 2105 990 2167 verba
1012 2099 1091 2168 οὐδέ
1109 2099 1173 2168 τιν’
1196 2098 1286 2190 αὐτῷ
1307 2103 1413 2168 delevit
1512 2093 1517 2098 ’

270 2223 324 2284 pro
347 2203 393 2277 iis,
421 2222 496 2284 quae
523 2219 577 2281 ego
597 2203 721 2266 delenda
743 2203 809 2266 ess'e
830 2221 938 2266 censeo
961 2202 1116 2286 στυγερόν
1136 2203 1297 2288 στυγερῶς
1318 2205 1361 2266 vel
1380 2211 1414 2264 ut

272 2302 390 2364 Brunclr
417 2301 580 2381 corrigebat
600 2299 762 2384 σμυγερόν
788 2301 962 2384 σμυγερῶς.
1004 2302 1085 2374 Quae
1106 2303 1193 2365 verba
1215 2320 1253 2364 ne
1273 2301 1316 2364 eis
1340 2321 1413 2382 quae

272 2409 438 2480 sequuntur
458 2401 634 2479 coniungas,
660 2418 722 2462 non
742 2409 859 2462 tantum
884 2401 1039 2462 verborum
1066 2401 1219 2463 collocatio
1242 2409 1334 2475 vetat,
1361 2401 1412 2463 sed

272 2501 359 2562 etiam
386 2499 534 2560 sententia
559 2499 615 2559 loci
642 2518 718 2579 quae
742 2498 869 2560 eflicitur
895 2498 1113 2562 absurdissima.
1160 2500 1213 2561 Sin
1246 2519 1313 2562 vero
1344 2519 1411 2562 cum

273 2595 523 2681 δηροβολυῶντα
543 2605 684 2680 πτηνοῖς
707 2597 772 2670 ἰοῖς
792 2598 930 2678 coniungi
950 2599 1032 2671 velis,
1054 2595 1209 2682 στυγερόν
1230 2599 1349 2682 quidem
1368 2599 1413 2659 vel

273 2692 435 2779 σμυγερόν
454 2704 534 2756 recte
556 2695 700 2768 sehabet,
722 2695 773 2756 sed
790 2695 847 2757 nisi
866 2695 966 2776 inepte
987 2697 1066 2776 loqui
1087 2695 1167 2769 velis,
1188 2697 1348 2780 στυγερῶς
1369 2697 1414 2759 vel

273 2793 440 2878 σμυγερῶς
459 2794 538 2854 idem
559 2802 647 2874 atque
667 2787 839 2868 ἐπιπόνως
859 2795 950 2857 schol.
971 2793 1058 2856 Laur.
1081 2795 1099 2856 i.
1122 2813 1145 2856 c.
1173 2813 1334 2876 operose
1359 2795 1413 2856 tibi

273 2893 463 2966 statuendum
486 2900 540 2954 est.
582 2893 666 2966 Quod
688 2892 759 2954 ferri
782 2910 845 2954 non
867 2901 974 2974 potest.
1014 2894 1088 2954 Nam
1111 2911 1204 2973 quum
1225 2893 1255 2954 in
1278 2895 1328 2956 tali
1348 2912 1414 2956 rer-

273 2992 380 3054 borum
409 2991 555 3052 rhetorica
576 2993 768 3054 collocatione
788 3001 839 3054 aut
862 2993 949 3072 plane
970 2993 1114 3054 contraria
1138 2992 1194 3054 sibi
1221 3001 1414 3073 opponuntur

274 3099 325 3152 aut
343 3092 431 3170 plane
450 3090 551 3150 eadem
576 3091 772 3170 significantia
798 3090 1036 3169 coniunguntur,
1062 3099 1128 3154 tum
1155 3093 1186 3153 in
1208 3092 1262 3153 hac
1282 3092 1415 3154 adiectiri

274 3199 305 3251 et
333 3187 462 3250 adverbii
493 3188 681 3266 copulatione
716 3199 747 3249 et
776 3189 807 3250 in
837 3190 947 3268 graecis
974 3197 1003 3251 et
1032 3191 1063 3252 in
1093 3190 1190 3251 latinis
1219 3190 1414 3270 scriptoribus

274 3287 450 3349 adiectivum
471 3294 500 3346 et
520 3286 690 3348 adverbium
710 3305 797 3349 unam
819 3288 1005 3368 eandemque
1028 3287 1088 3348 rim
1116 3307 1148 3352 ac
1169 3287 1414 3367 significationem

273 3387 393 3448 habent.
428 3385 469 3444 lta
492 3384 571 3445 enim
588 3386 694 3447 millies
709 3383 808 3458 κακός
824 3385 930 3458 κακῶς
951 3386 1117 3465 iunguntur
1131 3394 1161 3448 et
1175 3383 1285 3459 δεινός
1300 3384 1416 3460 δεινῶς

274 3487 316 3548 El.
343 3505 387 3548 νυ.
416 3484 473 3547 198
500 3490 529 3544 et
555 3483 615 3544 221
643 3481 772 3562 (δεινῶς
797 3479 953 3567 ἠγάσθην
984 3481 1020 3546 ἐν
1054 3482 1179 3558 δεινοῖς
1205 3504 1221 3546 e
1247 3486 1416 3548 coniectura

274 3582 433 3663 Meinehii),
460 3583 561 3665 μέγας
585 3578 772 3664 μεγαλωστί
799 3583 829 3643 ll.
851 3583 916 3644 xvl
934 3602 961 3643 v.
978 3583 1050 3658 776,
1078 3583 1287 3658 lividere,
1312 3583 1415 3664 Odyss.

274 3682 364 3742 xxiv
384 3701 411 3742 v.
433 3683 484 3756 40,
522 3677 660 3761 αἰσχρόν
685 3679 828 3764 αἰσχρῶς
853 3682 942 3762 Soph.
970 3683 1014 3743 El.
1036 3701 1062 3742 v.
1078 3681 1151 3753 899,
1177 3678 1273 3746 κοινοὶ
1300 3681 1417 3755 κοινῶς

272 3781 433 3842 'Menander
454 3789 500 3860 a‘p.
516 3780 686 3850 stobaeum,
704 3780 801 3842 Floril.
820 3779 890 3854 124,
907 3780 935 3852 6,
966 3773 1167 3861 ἀνθρώπινα
1192 3775 1417 3864 ἀνθρωπίνως

275 3879 351 3940 Plut.
384 3877 482 3940 Moral.
510 3897 540 3958 p.
569 3877 629 3938 118
649 3878 691 3949 C„
722 3875 898 3959 ἐλεύθερος
927 3872 1112 3960 ἐλευθέρως
1140 3877 1260 3940 Lucian.
1287 3879 1338 3950 47,
1365 3879 1416 3954 20,

275 3973 374 4049 καλός
389 3974 494 4049 καλῶς
509 3976 548 4036 ἰδ.
565 3974 615 4054 48,
633 3976 681 4038 50.
710 3976 751 4038 Gi.
770 3976 872 4038 Cicero
888 3977 923 4038 ad
939 3976 998 4037 Att.
1016 3976 1056 4036 lll
1071 3995 1115 4056 ep.
1132 3975 1172 4038 23
1188 3981 1206 4052 ς
1223 3978 1241 4037 5
1257 3977 1414 4040 ‘miserum

275 4075 395 4139 misere‘
416 4083 445 4136 et
470 4093 546 4155 quae
572 4077 605 4136 Α.
633 4073 667 4134 0.
691 4075 804 4136 Lorenz
831 4094 865 4134 ex
890 4074 999 4136 fabulis
1029 4073 1173 4136 Plautinis
1203 4075 1352 4154 congessit
1381 4075 1415 4136 ad

274 4172 469 4236 Mostellariae
498 4191 616 4234 versum
642 4170 702 4234 178
728 4171 803 4252 (187
831 4172 899 4234 edit.
927 4172 1070 4251 Ritschl.).
1117 4173 1174 4234 Sed
1205 4173 1290 4253 ‘quid
1316 4179 1418 4235 moror
1471 4165 1475 4174 ’

272 4272 428 4354 exemplis,
443 4289 571 4352 quorum
587 4289 636 4332 me
649 4271 736 4332 turba
750 4270 853 4349 fatigat
862 4267 895 4330 ‘i’

361 4371 399 4432 Et
419 4366 575 4452 στυγερόν
595 4367 755 4450 στυγερῶς
774 4377 803 4429 et
826 4367 914 4429 verba
938 4387 1076 4432 versuum
1101 4367 1263 4430 159-161
1292 4369 1415 4431 delenda
