3268 5072
759 309 979 374 ..2ss-

389 504 415 546 r.
438 483 510 548 534.
554 484 766 564 Clytaemnestra
799 491 827 548 et
860 486 952 548 animi
978 485 1156 550 conscientia
1182 494 1214 548 et
1239 487 1356 550 somnio
1386 487 1436 550 illo

305 583 576 662 agitatalllectram
605 583 760 666 vituperat,
790 585 873 664 equod
906 585 1027 648 ahsente
1054 584 1193 664 Aegistho
1227 603 1330 650 rursus
1363 585 1436 648 loris

304 683 535 766 circumagatur,
576 681 654 743 Nihil
686 682 722 744 ab
755 682 809 744 ista
840 693 965 748 matrem
996 685 1114 766 respici,
1144 701 1220 765 quae
1251 691 1372 764 propter
1403 703 1438 748 ea

303 781 436 844 Electrae
458 781 625 851 maledicat,
654 781 734 861 qnod
764 782 839 846 male
861 784 960 846 audiat
982 784 1019 846 ab
1041 803 1084 846 ea.
1130 783 1253 864 Semper
1276 783 1357 846 enirn
1380 783 1437 844 dici

303 889 418 961 patrem
440 900 455 943 a
478 899 510 942 se
531 879 722 944 interfectum
743 899 816 954 csse
840 883 1047 946 verumetiam
1069 881 1105 944 eb
1119 881 1243 956 lautitia
1259 882 1338 965 quod
1354 889 1438 963 pater

304 997 382 1044 uuus
403 979 440 1042 de
462 979 579 1042 Graecis
600 979 690 1044 filiam
712 999 798 1044 suam
820 979 865 1042 dis
888 988 1018 1046 mactare
1041 999 1130 1044 ausus
1152 980 1199 1044 sit.
1274 1053 1275 1058 χ

403 1125 482 1239 εἶεν,
504 1157 642 1232 δίδαξον
664 1156 705 1243 δή
727 1183 779 1242 με,
803 1160 861 1226 τοῦ
881 1159 979 1244 χάριν
999 1108 1098 1224 clauomr

404 1256 538 1334 ἔδυσεν,
561 1250 679 1341 αὐτήν,
714 1256 855 1344 πότερον
872 1255 1027 1344 Ἀργείων
1049 1258 1150 1343 ἐρεῖς,Ι

303 1387 417 1450 Omnes
448 1403 523 1466 quos
555 1386 676 1467 quidem
710 1386 801 1448 evolvi
831 1387 1007 1467 interpretes
1036 1395 1153 1467 praeter
1179 1386 1379 1450 Hermannum
1409 1394 1439 1448 et

288 1485 455 1561 vlieislrium
484 1503 552 1547 cnm
574 1485 731 1548 scholiasta
754 1487 911 1566 apographi
934 1485 1103 1548 Baroeoiani
1130 1485 1304 1548 adnotantes:
1337 1481 1439 1568 ἤχεεν

302 1587 391 1658 τίνος
423 1580 519 1665 χάριν
552 1579 736 1657 άπεδιδοδς
769 1581 951 1647 &Santones
982 1579 1099 1668 αὐτήν,
1141 1584 1237 1646 τοῦτο
1270 1582 1368 1666 cipiet
1400 1582 1436 1646 τὸ

302 1686 401 1746 τίνων
428 1680 526 1766 ἤγουν
547 1677 739 1756 άτιοδιδοιίς.
779 1681 848 1746 ἔστι
872 1681 909 1746 δὲ
931 1683 1048 1766 μετοχὴ
1070 1684 1128 1746 ,καί
1151 1678 1189 1746 οὔ
1211 1681 1326 1765 γενικὴ,
1352 1680 1439 1765 πίνο-

302 1780 455 1865 δοντική,
488 1783 662 1844 vocabulum
691 1785 790 1846 τίνων
818 1783 901 1845 aiunt
928 1783 1115 1864 participium
1138 1801 1203 1844 esse
1224 1782 1305 1846 serbi
1327 1783 1438 1844 τίνειν.

302 1883 334 1943 ln
358 1900 417 1962 quo
438 1881 569 1961 primum
591 1881 714 1942 ollandit
735 1883 889 1961 genetivus
911 1901 1053 1962 personae
1075 1901 1143 1947 cum
1173 1882 1317 1952 formulae
1342 1877 1440 1964 χάριν

302 1982 407 2042 τίνειν
428 1981 554 2042 iunctus.
599 1979 668 2042 Loci
692 1981 769 2042 enim
794 2001 809 2043 a
833 1981 949 2045 Wolflio
971 1981 1058 2055 allati,
1084 1980 1188 2050 nosch.
1212 1985 1312 2058 rigam.
1333 1999 1360 2040 v.
1376 1979 1432 2042 821

303 2088 332 2141 et
354 2080 454 2141 Prom.
477 2099 502 2140 v.
520 2077 591 2152 985,
621 2079 694 2140 nihil
720 2080 855 2160 probant.
899 2081 972 2142 Nam
1000 2081 1032 2143 in
1059 2081 1102 2144 eis
1128 2073 1226 2160 χάριν
1246 2081 1348 2143 τίνειν
1371 2098 1439 2140 cum

303 2177 400 2242 dativo
428 2197 573 2258 personae
599 2180 734 2242 iunctum
762 2189 815 2248 est.
859 2180 917 2242 Sed
940 2188 975 2250 ut
996 2179 1087 2244 latine
1110 2179 1167 2248 dici
1192 2178 1439 2260 nequitaalicuius

300 2277 427 2354 gratiam
453 2279 565 2342 referre
593 2297 646 2359 pro
677 2278 763 2340 alieni
784 2296 825 2358 gr.
849 2281 895 2350 rl⁸¹
918 2279 960 2346 sic
983 2297 1056 2358 nego
1078 2279 1223 2345 Graecum
1252 2297 1318 2340 esse
1344 2273 1441 2358 χάριν

302 2378 404 2444 τίνειν
434 2372 523 2450 τινός
555 2395 610 2458 pro
641 2379 708 2438 τινί
733 2378 861 2450 dictum,
889 2377 948 2440 nisi
975 2379 1052 2440 forte
1078 2395 1172 2458 quum
1201 2383 1316 2438 veteres
1339 2375 1440 2441 Graeci

302 2471 400 2557 χάριν
435 2467 551 2552 τίνειν,
590 2471 806 2551 ἀποδιδόναι,
845 2471 1039 2558 ἀπονέμειν,
1076 2473 1215 2550 εἰδέναι,
1252 2470 1439 2556 ὁμολοχείν,

303 2573 455 2650 ἐκτίνειν,
479 2570 758 2658 ἀπαρνήσασθαι,
782 2572 868 2653 ἔχειν
889 2593 957 2646 cum
981 2575 1077 2639 dativo
1099 2592 1243 2654 personae
1258 2583 1288 2636 et
1303 2574 1439 2654 genetivo

301 2674 346 2738 rei
368 2674 413 2736 vel
435 2665 508 2738 άντί
531 2693 599 2741 cum
620 2674 757 2752 genetivo
781 2683 831 2739 aut
852 2670 911 2738 ἐπί
941 2692 1009 2736 oum
1031 2673 1129 2736 dativo
1153 2681 1326 2736 constanter
1348 2691 1440 2754 oopu-

301 2773 435 2846 laverint,
458 2773 619 2853 Sophocles
640 2772 697 2834 hoc
718 2791 779 2838 uno
801 2773 930 2838 loco-
952 2773 1066 2837 nullum
1082 2772 1162 2834 enim
1177 2771 1256 2844 aiud
1272 2773 1440 2852 exemplum

303 2872 409 2951 legitur
430 2905 472 2916 —-
493 2869 590 2952 χάριν
620 2873 722 2936 τίνειν
750 2887 830 2934 οων
847 2871 982 2950 sensnm
1011 2889 1156 2950 personae
1178 2871 1292 2946 iunxit.
1341 2871 1439 2934 Corri-

302 2971 432 3049 gendum
453 2970 542 3047 igitur
564 2979 627 3040 este
642 2971 667 3034 si
689 2980 807 3052 poetam
829 2989 933 3050 graece
954 2969 1042 3050 loqui⁴
1057 2969 1127 3042 velis
1149 2968 1195 3052 τῷ
1216 2964 1314 3050 χάριν
1328 2971 1439 3044 τίνειν,

303 3089 347 3149 sq.
368 3089 393 3128 v.
412 3065 581 3150 Ἀργείοις.
625 3071 705 3142 Quae
732 3069 875 3132 correctio
902 3087 995 3148 quum
1028 3068 1067 3130 sit
1099 3067 1253 3130 violentior
1284 3086 1374 3146 quam
1407 3076 1441 3130 ut

302 3167 417 3230 admitti
439 3167 544 3247 possit,
574 3176 639 3233 tum
661 3185 700 3229 ne
726 3169 756 3230 id
779 3168 927 3230 faciamus
950 3167 1047 3230 obstat
1067 3164 1181 3228 esar.
1223 3165 1337 3228 Diserte
1359 3165 1439 3228 enim

302 3266 344 3330 ilri
365 3267 473 3330 dieitur
494 3274 616 3348 propter
629 3267 793 3332 Menelaum
812 3267 934 3330 fratrem
951 3265 1123 3330 mactavisse
1139 3265 1321 3344 agamemno
1336 3265 1438 3338 filiam,

303 3361 375 3432 ἀλλ’
399 3361 471 3430 ἄντ’
494 3361 643 3450 ἀδελφοῦ
665 3364 748 3450 δῆτα
772 3363 926 3430 Μενέλεω
949 3365 1076 3428 ιτανῶν
1098 3399 1147 3428 -.
1249 3419 1252 3427 .

386 3465 425 3534 Et
446 3466 561 3528 Electra
590 3465 691 3528 matris
720 3467 855 3529 refutans
878 3465 1005 3544 argutias
1028 3484 1054 3525 r.
1071 3463 1132 3526 563
1159 3457 1236 3544 ἐροῦ
1257 3459 1307 3536 δέ,
1334 3461 1440 3543 inquit,

302 3562 361 3647 τὴν
388 3561 528 3642 κννάχον
549 3559 716 3646 Ἄρτεμιν,
749 3567 863 3638 τίνος
895 3561 1042 3636 ποινάς
1075 3560 1116 3631 τά
1141 3557 1251 3626 πολλὰ
1278 3556 1439 3643 πνεύματ’

303 3658 372 3741 ἔσχ’
394 3663 431 3727 δν
449 3659 584 3735 Αὐλίδι,
608 3665 687 3744 qnod
709 3664 880 3744 longissime
895 3662 986 3724 credo
1009 3661 1091 3724 abest
1113 3660 1268 3724 auctione
1289 3661 1439 3740 gratiae.

302 3765 379 3828 Tum
401 3764 445 3826 El.
461 3763 523 3824 575
545 3781 648 3826 versus
703 3801 706 3810 ›

332 3875 341 3983 Ἰ
402 3884 485 3952 ἄνθ’
510 3877 555 3952 ὥν
576 3879 698 3952 ἔδυσεν
719 3883 832 3972 αὐτήν,
857 3882 928 3966 οὐχὶ
950 3883 1106 3948 Μενέλεω
1129 3882 1235 3968 χάριν.

303 4015 408 4080 eodem
431 4022 477 4078 est
498 4013 611 4090 positus
635 4031 805 4094 sensuque
830 4003 874 4075 ὦν
896 4007 993 4094 χάριν
1008 4009 1194 4091 respondens
1210 4009 1440 4092 clytemnestrae

302 4109 361 4176 coci
382 4109 487 4195 χάριν.
530 4113 625 4194 Atque
647 4113 732 4193 plane
756 4107 974 4193 παραλλήλοις
997 4111 1132 4192 opposita
1155 4115 1225 4171 sunt
1247 4129 1273 4170 v.
1290 4109 1350 4172 585

403 4237 433 4300 ελ
454 4235 515 4322 γὰρ
537 4234 659 4316 θέλεις,
682 4233 820 4308 δίδαξον
842 4228 934 4300 ἀνθ’
957 4227 1051 4300 ὅτου
1073 4222 1174 4298 τανῦν
1202 4216 1205 4221 ’

313 4419 315 4424 Α
403 4340 559 4418 αἴσχιστοι
582 4336 716 4400 πάντων
739 4333 817 4419 ἔργα
839 4333 951 4418 δράσει
973 4333 1151 4416 τυγχάνεις.

303 4451 434 4533 Denique
456 4451 526 4531 quid
549 4448 605 4528 sibi
629 4450 731 4514 volunt
752 4447 841 4514 verba
870 4447 928 4514 τοῦ
949 4444 1047 4530 χάριν
1068 4449 1167 4510 τίνων
1196 4447 1292 4512 ‘cuius
1317 4451 1441 4528 ρεοίίοιιι
