3268 5072
682 326 902 389 ...15...

226 497 342 584 ἆρετᾶς
371 499 477 584 ἄφιλα
505 497 585 584 παρ’
613 497 750 583 ἀφίλοις
778 497 885 576 ἔπειτ’,
910 497 1010 562 ἔπεσε
1031 499 1162 582 μελέοις
1181 495 1365 580 Ἀτρείδαις

227 601 441 682 comparaveris
472 609 502 662 et
524 600 583 660 vim
611 609 698 680 atque
720 619 807 662 usum
832 600 962 662 nominis
984 596 1063 682 ἔργα
1083 597 1153 660 inde
1174 599 1210 660 ab
1233 599 1363 660 Homero

226 701 303 780 apud
334 709 438 762 'omnes
472 699 630 780 scriptores
654 699 794 772 Graecos,
822 699 894 760 mibi
920 699 1065 760 concedes
1092 697 1151 759 veri
1180 697 1364 760 simillimum

226 799 322 880 quoad
346 799 409 860 eius
431 798 494 860 fieri
516 799 609 879 possit
624 799 865 880 supplementum
888 798 975 860 buius
998 798 1053 860 loci
1075 815 1169 878 paene
1191 807 1226 859 ut
1241 797 1366 877 Seyffert

226 899 267 960 ait
288 897 434 978 desperati
457 917 522 960 esse
545 895 637 979 ἔργα
660 919 743 979 μον,

311 997 356 1058 En
377 995 468 1058 babes
490 1003 551 1057 tres
573 1013 676 1058 versus
699 997 863 1058 trochaicos
885 994 1038 1058 absolutos
1083 1001 1085 1006 ’

327 1121 358 1184 εί
379 1119 420 1184 τὰ
442 1118 502 1202 μὲν
524 1123 646 1204 φθίνει

326 1217 420 1304 ἔργα
441 1239 535 1302 μου,
559 1217 667 1303 φίλοι,

324 1313 432 1382 τοῖσδ’
457 1315 541 1401 δμοῦ
564 1316 680 1394 πέλας,

225 1449 267 1508 ‘si
286 1446 398 1528 quidem
422 1464 469 1507 ree
491 1465 509 1506 a
529 1462 576 1507 οιι
595 1455 697 1526 postue,
724 1447 817 1515 amici,
839 1443 1011 1507 κιονίσκοι
1031 1443 1364 1526 disproper'ntcreuet'.

218 1541 320 1629 Ἔργα
341 1565 405 1627 μου
428 1543 507 1606 enim
530 1553 601 1607 sunt
623 1565 671 1607 res
694 1564 767 1626 quas
790 1553 858 1606 ante
874 1544 945 1606 Aiax
968 1545 1074 1606 multas
1098 1545 1244 1625 praeclare
1265 1561 1364 1622 gesse-

225 1653 280 1718 rat,
302 1643 399 1706 verbis
421 1639 536 1706 τοῖσδε
558 1641 663 1720 πέλας
690 1662 843 1706 caesorum
873 1661 995 1724 corpora
1023 1643 1170 1724 pecudum
1192 1643 1272 1704 iuxta
1295 1661 1364 1705 eum

225 1743 319 1823 posita
342 1744 594 1818 demonstrantur,
618 1737 700 1824 ὁμοῦ
722 1750 768 1806 est
787 1743 959 1804 adverbium
980 1743 1132 1823 temporis,
1156 1743 1234 1805 unde
1254 1743 1365 1824 pendet

225 1841 337 1904 dativus
358 1837 481 1917 τοῖσδε,
504 1841 552 1904 eui
573 1842 745 1921 pronomini
767 1841 897 1904 additum
922 1849 967 1904 est
989 1841 1158 1905 adverbium
1172 1839 1238 1903 ¹loci
1261 1839 1365 1914 πέλας

225 1940 389 2003 attributio.

310 2059 336 2102 v.
360 2039 430 2101 500.
476 2039 560 2113 Aiax,
588 2057 677 2119 quem
710 2040 831 2102 insanae
864 2040 1011 2121 pecudum
1039 2039 1135 2103 caedis
1164 2041 1302 2121 pudebat,
1332 2062 1365 2106 se

226 2138 303 2201 mori
332 2139 406 2201 velle
434 2138 643 2219 pronuntiavit,
676 2139 786 2200 frustra
819 2139 1014 2202 aTecmessa
1045 2139 1169 2220 coniuge
1203 2151 1233 2203 et
1265 2143 1364 2204 nautis

226 2237 391 2299 Salaminiis
425 2245 526 2299 oratus
560 2256 598 2299 ne
631 2237 688 2300 boc
704 2238 813 2320 pfaciat.
866 2238 979 2301 Chorus
1015 2239 1104 2319 igitur
1131 2258 1224 2322 quum
1251 2241 1364 2304 domini

224 2337 417 2417 pertinaciam
439 2336 617 2415 cognoverit,
640 2337 753 2418 patriae
774 2337 949 2402 recordatur
969 2339 1149 2420 longinquae
1172 2340 1316 2402 carmine:

320 2455 369 2523 ’ίδ
391 2460 504 2527 κλεινὰ
526 2460 683 2545 Οαλαμίς,
707 2459 747 2524 od
769 2465 830 2545 μέν
851 2484 918 2527 που

324 2563 430 2636 ναίεις
452 2557 654 2636 ἁλίπλακτος
676 2555 843 2643 εὐδαίμων

324 2659 432 2724 πᾶσιν
454 2663 657 2745 περίφαντος
680 2655 746 2722 ἀεί.

324 2757 387 2840 ἐγώ
410 2755 442 2822 δ’
466 2751 484 2822 δ
507 2755 642 2842 τλάμων
664 2757 808 2833 παλαιὸς
831 2754 894 2843 ἀφ’
918 2750 957 2822 οὗ
977 2755 1094 2844 χρόνος

319 2851 439 2921 Ἰδαίαι
470 2860 600 2942 μίμνων
628 2851 788 2939 λειμωνία
822 2859 906 2937 ποίᾳ
931 2854 1044 2942 μήλων
1072 2854 1259 2942 ἇνήριθμος
1291 2857 1365 2921 αίέν

1142 2951 1265 3040 εόνόμᾳ

323 3053 429 3139 χρόνῳ
451 3053 647 3139 τρυχόμενος

324 3153 428 3217 κακὰν
449 3149 563 3218 ἐλπίδ’
587 3152 670 3233 ἔχων

323 3246 372 3317 ἔτι
394 3256 436 3337 μέ
456 3249 535 3317 ποτ’
560 3247 697 3317 ἆνόσειν

323 3350 382 3416 τόν
404 3349 598 3438 ἀπότροπον
619 3349 759 3436 ἀίδηλον
774 3345 899 3416 Ἅιδαν.

309 3483 420 3546 Locum
447 3501 543 3566 paene
570 3485 760 3565 desperatum
788 3503 822 3546 ac
844 3483 1011 3565 depositum
1040 3486 1066 3546 si
1088 3492 1156 3565 post
1178 3493 1223 3548 tot
1244 3505 1290 3548 vv.
1313 3487 1363 3548 dd.

223 3582 317 3648 varias
340 3592 372 3646 et
393 3584 523 3648 diversas
546 3583 766 3646 emendationes
782 3601 937 3664 aggressus
952 3600 1029 3657 sum,
1051 3601 1112 3646 non
1127 3585 1156 3646 id
1173 3586 1244 3648 mibi
1258 3603 1363 3666 arrogo

223 3690 258 3744 ut
281 3701 374 3745 unum
397 3703 444 3744 me
467 3683 601 3745 omnium
625 3684 696 3763 quid
718 3691 805 3764 poeta
828 3683 980 3764 scripserit
1002 3683 1152 3764 aperuisse
1175 3692 1287 3766 putem,
1310 3685 1363 3746 sed

223 3789 340 3846 tantum
362 3782 393 3844 id
415 3790 492 3864 peto,
515 3791 549 3846 ut
571 3783 650 3863 quod
673 3783 761 3845 verba
784 3783 891 3845 tradita
907 3799 1011 3846 sanare
1026 3792 1148 3846 conatus
1164 3784 1220 3846 sim
1236 3783 1364 3864 benigne

223 3881 335 3944 leretur
357 3890 387 3943 et
407 3882 497 3945 libere
520 3883 696 3964 exploretur.

182 3983 188 3996 '
309 3982 404 4062 Atque
438 3982 567 4062 primum
604 3982 724 4063 quidem
759 3981 846 4044 nobis
877 3982 1039 4045 sententias
1065 3981 1144 4044 inter
1176 4001 1208 4045 se
1237 4001 1362 4047 conexas

224 4081 450 4161 respicientibus
479 4090 509 4144 et
535 4083 702 4145 litterarum
731 4083 837 4145 ductus
861 4081 952 4144 oculis
974 4081 1221 4162 perlustrantibus
1243 4089 1363 4164 apparet

223 4186 339 4260 poetam
368 4181 399 4241 in
422 4181 502 4242 bunc
524 4181 584 4242 lere
606 4181 729 4244 modum
751 4200 767 4243 a
789 4183 881 4244 choro
910 4181 1021 4243 dictum
1044 4180 1184 4245 voluisse:
1219 4187 1266 4246 ‘tu
1294 4182 1362 4265 qui·

225 4279 292 4342 dem
319 4279 442 4342 Salamis
471 4280 549 4343 iaces
572 4279 656 4342 beata
685 4290 714 4343 et
736 4299 848 4355 secura,
877 4298 980 4343 verum
1007 4297 1061 4360 ego
1089 4279 1276 4345 miserrimus
1303 4283 1361 4346 iam

225 4377 278 4440 diu
299 4377 418 4440 Troiam
452 4379 591 4442 obsidens
625 4379 673 4441 bic
701 4397 802 4442 moror
829 4389 963 4460 tempore
991 4379 1081 4441 tritus
1108 4387 1138 4442 et
1160 4389 1286 4443 mortem
1309 4401 1361 4444 ex-

224 4477 408 4542 timesceus'.
452 4479 534 4553 Quae
566 4479 592 4540 si
625 4489 704 4542 recte
730 4488 864 4542 enarrata
885 4488 965 4555 sunt,
995 4479 1117 4560 bergkio
1139 4479 1360 4542 assentiendum
