3266 5084
667 369 710 379 ..
757 335 888 444 ⁶¹1*

205 512 313 574 κακῶν
337 511 465 573 ‹Greeeis
497 511 665 572 hominibus
697 511 725 571 in
761 510 907 590 proverbii
945 510 1192 571 consuetudinem
1230 511 1344 572 venisse

205 619 315 680 monet,
347 619 405 690 quo
428 609 554 671 ellieitur
588 618 620 670 ut
651 609 869 689 comparativus
897 604 1013 671 κάκιον
1035 629 1051 669 a
1074 610 1209 689 genetivo
1239 609 1346 671 κακῶν

201 709 302 771 'dirimi
327 729 387 770 non
411 708 524 770 debeat.
571 709 634 782 Qua
659 709 877 770 Schneidewiui
908 709 1097 770 adnotatione
1125 709 1227 783 etiam,
1257 729 1344 789 quam
1400 775 1406 788 ,

205 810 339 889 plerique
367 815 555 888 receperunt,
583 808 701 868 Canteri
730 807 900 870 coniectura
932 805 967 868 ἐκ
997 808 1148 870 refellitur.
1200 810 1346 871 Audaoior

206 909 293 988 igitur
321 907 423 986 Plluglr
457 907 573 968 voculas
607 900 649 968 αὖ
677 915 706 968 et
732 904 752 989 ἤ
776 906 962 988 permutavit,
992 907 1032 968 ita
1063 917 1098 968 ut
1119 908 1192 970 duae
1214 909 1344 970 interro·

205 1007 389 1087 gatiuuoulae
412 1006 529 1068 fierent:

304 1121 336 1181 τί
358 1114 392 1180 δ’
417 1115 523 1195 ἕσσας
553 1113 574 1200 ἢ
596 1113 711 1181 κάκιον
733 1111 776 1180 αὖ
799 1119 906 1181 κακῶν
928 1115 993 1194 ἕνα

206 1233 268 1306 Qua
291 1231 507 1311 permutatione
535 1249 715 1311 quamquam
743 1231 895 1292 latendum
926 1239 971 1292 est
999 1231 1142 1310 aptiorem
1166 1233 1346 1294 senteutiam

205 1330 268 1391 fieri
291 1350 378 1410 quam
403 1330 517 1402 ceteris,
540 1339 640 1414 tamen
657 1331 715 1392 duo
733 1331 820 1391 unius
836 1330 1077 1409 interrogationis
1098 1331 1231 1394 membra
1247 1333 1346 1393 nescio

205 1429 273 1510 qnid
306 1430 375 1490 milri
405 1429 579 1492 ollensionis
608 1429 728 1490 habeut.
775 1429 934 1508 Postquam
965 1429 1044 1490 enim
1069 1451 1085 1491 e
1109 1431 1214 1491 nuntio
1237 1431 1346 1492 audivit

206 1527 300 1590 Creon
322 1537 439 1610 praeter
461 1527 544 1602 mala,
567 1548 640 1608 quae
662 1529 691 1589 iu
709 1529 845 1589 manibus
862 1537 969 1599 teneat,
994 1527 1046 1589 alia
1062 1547 1095 1588 se
1118 1529 1197 1589 domi
1215 1515 1345 1600 manere,

205 1627 274 1708 quid
300 1627 427 1688 hominis
456 1627 513 1688 iam
542 1627 642 1688 miseri
673 1627 772 1688 animo
802 1627 1026 1689 convenientius
1055 1648 1142 1707 quam
1172 1649 1238 1689 oum
1262 1627 1347 1690 festi-

205 1726 325 1788 natione
358 1727 482 1805 quadam
518 1744 674 1806 quaerere:
713 1725 794 1806 ‘qnid
820 1737 859 1788 ost
889 1727 1004 1790 tandem
1033 1727 1145 1807 (igitur)
1175 1727 1260 1788 molis
1287 1733 1346 1790 ιὀνα

201 1827 283 1908 peius
304 1821 446 1886 λίσσονθ’
484 1825 566 1898 Quae
588 1824 737 1888 sententia
761 1825 838 1886 inest
862 1825 956 1887 versui
1095 1829 1099 1838 ’
1291 1813 1296 1836 ³

304 1938 336 1999 τί
359 1931 391 1998 δ’
416 1934 484 1998 ε”σιι
508 1933 551 2019 δὴ
575 1933 690 2001 κάκιον
713 1929 884 2028 αὖικακῶν
907 1933 974 2014 ire,-

291 2071 334 2112 vv.
361 2049 442 2111 1339
458 2053 521 2130 s'qq.
572 2051 665 2112 Creon
694 2049 808 2112 duobus
836 2049 1026 2130 propinqum,
1061 2050 1186 2132 coniuge
1212 2060 1249 2132 ot
1278 2053 1346 2126 lilio,

207 2149 332 2212 mortuis
354 2148 525 2227 gravissime
547 2149 673 2234 afflictus
696 2148 868 2212 miseratur:

305 2256 413 2338 ἄγοιτ’
437 2257 479 2324 ἂν
500 2253 644 2340 μαἰαιον
666 2255 762 2344 ἄνδρ’
784 2257 948 2335 ἐκποδῶν,

306 2354 351 2436 ὅς,
375 2355 400 2422 oi
423 2368 496 2434 not,
519 2361 557 2422 σέ
578 2354 608 2420 τ’
631 2353 690 2438 οὐχ
712 2356 794 2422 ἑκών
816 2357 951 2448 ἔκτανον

305 2460 344 2522 σέ
365 2455 396 2520 r'
420 2454 462 2522 αὖ
484 2453 592 2532 τάνδ’,
618 2454 701 2540 ῶμοι
725 2455 851 2540 μέλεος,
876 2453 946 2522 οὐδ’
971 2456 1033 2538 ἔχοι

265 2551 375 2635 itinn
397 2556 481 2640 πρὸς
504 2551 645 2640 πότερον
668 2553 742 2631 irio,
766 2558 816 2636 πᾷ
837 2556 893 2618 καὶ
916 2557 988 2620 θῶ·
1019 2555 1131 2620 πάνια
1153 2556 1215 2640 γὰρ

306 2653 419 2739 λέχρια
441 2652 501 2722 τῶν
523 2666 642 2740 χεροῖν,
664 2654 705 2717 eoi
727 2651 759 2718 δ’
782 2654 840 2718 ἐπὶ
864 2659 958 2739 κρατί
981 2678 1039 2739 μοι

306 2757 434 2836 πότμος
457 2747 676 2837 δυσκόμιστος
699 2751 861 2837 εἰσήλατο.

206 2868 315 2934 Versus
334 2867 414 2930 1342
429 2885 516 2930 eruce
539 2875 658 2930 notatus
674 2879 767 2930 metro
784 2877 936 2948 repugnat,
959 2869 1037 2948 quod
1054 2869 1198 2931 ‹loolrmiis
1210 2881 1346 2934 constare

207 2967 427 3029 demonstratur
450 2985 536 3029 versu
559 2967 710 3047 strophioo
729 2967 809 3028 1320

306 3075 381 3157 ἐγώ,
406 3074 492 3163 φάμ’
516 3076 643 3162 ἔτυμον,
669 3077 708 3141 λῶ
731 3075 930 3161 πρόσπολοι.

205 3189 279 3251 'ires
308 3190 396 3270 igitur
424 3191 603 3253 emendandi
630 3193 690 3253 vias
720 3192 844 3272 ingressi
873 3201 944 3254 sunt
972 3210 1016 3253 vv.
1042 3192 1089 3253 dil.
1133 3195 1269 3268 Quorum
1298 3195 1345 3256 alii

207 3284 316 3352 πάντα
338 3282 412 3372 γάρ,
436 3289 483 3351 alii
506 3291 555 3369 πᾷ
569 3289 625 3350 καὶ
641 3289 695 3352 θῶ
710 3292 879 3365 delendum,
904 3291 948 3352 alii
966 3291 1061 3353 deleto
1078 3289 1139 3354 ἴδω
1156 3293 1346 3356 scribendum

207 3397 388 3450 censuerunt
415 3381 484 3466 ὅπᾳ
513 3385 596 3470 πρός
624 3379 768 3474 πότερον
795 3387 904 3452 κλιθῶ
920 3399 973 3452 etc.
1019 3391 1219 3471 Respiciamus
1246 3392 1346 3472 igitur,

208 3507 281 3567 quae
311 3487 349 3548 sit
376 3485 437 3550 reri
469 3487 615 3549 simillima
644 3487 823 3550 emendandi
851 3489 935 3551 ratio.
980 3489 1075 3570 Atque
1106 3492 1234 3570 primum
1259 3492 1346 3554 verba

206 3582 264 3648 teir
285 3595 396 3669 χεροῖν
417 3605 509 3668 quum
539 3587 599 3648 sint
628 3587 760 3669 opposita
789 3587 884 3650 verbis
918 3585 958 3650 τοὶ
991 3580 1024 3652 δ’
1058 3584 1115 3652 ἐπὶ
1148 3592 1241 3672 κρατί
1275 3611 1345 3672 μοι,

207 3704 266 3747 uon
289 3685 454 3764 significare
471 3687 608 3750 videntur
623 3688 797 3766 praesentia,
820 3689 871 3749 sed
893 3687 1012 3768 proprie
1035 3709 1067 3750 ea
1089 3709 1164 3769 quae
1186 3689 1217 3750 in
1233 3689 1346 3750 Creon-

206 3775 243 3845 tis
266 3785 402 3847 manibus
426 3793 496 3847 sunt
519 3786 537 3847 i.
562 3806 586 3846 e.
612 3785 703 3847 lilium
733 3796 896 3860 mortuum,
927 3807 1016 3868 quem
1045 3789 1195 3869 amplexus
1229 3797 1283 3860 est,
1317 3795 1347 3848 et

208 3882 377 3957 mulierem,
411 3903 486 3965 quae
514 3895 631 3946 mortua
659 3885 690 3946 in
723 3887 799 3947 lecto
827 3885 901 3948 iacet
929 3895 997 3948 ante
1028 3889 1128 3949 oculos
1151 3888 1224 3949 eius.
1270 3887 1345 3948 Turn

207 3991 304 4044 autem
340 3977 449 4045 πάντα
478 3981 540 4067 γάρ
573 3986 609 4046 ab
637 3983 733 4064 aliquo
756 3984 887 4046 additum
911 3995 965 4060 est,
995 3987 1045 4066 qui
1074 3988 1252 4049 senteutiam
1284 4005 1345 4048 nou

207 4089 286 4143 recte
309 4081 461 4143 intellexit.
506 4083 666 4163 Expunctis
696 4083 786 4163 igitur
813 4081 922 4147 πάντα
944 4077 1008 4167 γάρ
1036 4086 1183 4146 sententia
1207 4085 1345 4146 eflicitur:

207 4180 362 4243 ‘inclinato
388 4189 455 4243 sont
485 4183 714 4263 quaemanibus
742 4195 819 4246 teneo
849 4195 875 4246 rt
900 4185 931 4245 r'n
959 4193 1043 4264 caput
1071 4201 1166 4246 meum
1187 4185 1344 4246 intoleran-

208 4279 277 4341 dum
309 4283 396 4342 irruit
427 4280 546 4360 fotum'.
592 4282 672 4355 Quae
701 4283 725 4344 si
755 4293 834 4346 reete
858 4283 997 4364 explicata
1020 4292 1098 4356 suut,
1129 4283 1187 4345 duo
1217 4283 1345 4346 documii

206 4377 418 4460 relinquuntur

308 4477 378 4561 ὅπᾳ
400 4482 485 4566 πρὸς
509 4480 647 4568 πότερον
668 4483 740 4560 ἴδω,
763 4486 813 4563 πᾷ
835 4484 887 4546 καὶ
914 4485 977 4547 θῶ.
