3268 5072
733 294 929 357 ..8.-

265 471 389 550 Seyffert
412 469 520 532 codicis
542 469 691 550 archetypi
718 470 860 531 lectiones
883 476 1056 530 constanter
1084 471 1188 532 tenuit.
1232 472 1304 533 Tam
1328 473 1406 535 enim

265 568 367 630 multis
391 575 483 630 scatet
504 568 581 630 vitiis
604 568 819 632 Laurentianus
842 577 872 629 et
893 567 1015 630 meliora
1041 569 1183 649 praebent
1205 561 1356 633 Parisinus
1373 572 1406 643 Α,

265 667 452 729 Florentinus
477 668 514 742 Γ,
543 667 594 748 qui
622 667 732 730 scholia
755 667 954 730 Laurentiano
978 668 1094 730 saeculo
1118 669 1273 731 undecimo
1296 670 1408 732 addidit

266 765 414 828 diorthota
440 765 495 845 qui
528 773 650 828 vocatur
681 785 698 827 a
727 765 888 828 Dindorfio.
933 765 1068 838 Quorum
1102 785 1194 846 quum
1227 769 1406 832 sententiam

266 868 324 928 iam
347 866 444 928 Iustus
461 865 649 928 llemnannus
665 866 782 946 Lipsius
803 867 836 928 in
857 865 953 928 libello
977 865 1164 928 scholiastico
1188 867 1347 948 Lipsiensi:
1372 869 1408 931 de

267 964 420 1046 Sophoclis
449 963 626 1026 emendandi
656 965 824 1045 praesidiis,
855 985 879 1026 a.
907 963 986 1027 1860
1015 965 1232 1045 impugnasset,
1262 969 1407 1030 Antonius

268 1064 402 1144 Seyffert,
424 1063 556 1126 Mauricii
577 1063 664 1136 filius,
686 1064 717 1124 in
740 1065 857 1126 dissert.
880 1065 994 1144 inaug:
1019 1065 1209 1145 quaestiones
1231 1067 1348 1130 criticae
1371 1068 1407 1129 de

267 1162 415 1225 codicibus
443 1162 594 1244 Sophoclis
626 1170 707 1226 recte
740 1163 948 1236 aestimandis,
982 1163 1061 1226 Hahs
1087 1163 1238 1226 Saxonum
1267 1185 1292 1228 a.
1318 1165 1409 1240 1863,

266 1262 461 1344 principatum
477 1262 596 1342 quidem
611 1261 807 1324 Laurentiano
822 1261 926 1324 tribuit
947 1263 987 1324 ita
999 1271 1109 1334 tamen,
1134 1270 1167 1325 ut
1188 1263 1280 1326 libros
1298 1260 1322 1326 l
1337 1273 1367 1326 et
1384 1266 1413 1326 Γ

267 1381 302 1422 ex
326 1362 437 1424 diversa
460 1361 573 1440 origine
595 1368 677 1424 ortos
701 1369 731 1422 et
752 1359 803 1442 qui
825 1361 859 1425 in
879 1361 1068 1426 restituendis
1090 1369 1195 1442 poetae
1217 1364 1313 1427 verbis
1336 1380 1408 1426 con-

267 1461 435 1523 sulerentur
459 1479 521 1522 non
543 1460 643 1523 minus
672 1460 775 1541 dignos
804 1467 960 1533 statueret,
993 1460 1141 1523 Michaelis
1173 1479 1242 1523 vero
1275 1463 1305 1523 in
1341 1462 1408 1524 edit.

270 1561 303 1622 0.
320 1561 406 1622 Jahn.
422 1561 449 1622 ll
462 1561 555 1642 praef.
571 1579 599 1641 p.
615 1561 652 1623 Vl
676 1561 783 1641 duplex
804 1560 948 1622 librorum
972 1561 1203 1640 Sophocleorum
1226 1579 1321 1641 genus
1344 1581 1409 1624 esse

270 1660 355 1731 dixit,
383 1658 419 1720 ab
447 1659 538 1722 altera
565 1667 647 1740 parte
670 1667 747 1722 stare
769 1659 1038 1739 praestantissimos
1059 1659 1100 1721 La
1124 1669 1153 1722 et
1175 1659 1227 1733 Lb,
1257 1661 1293 1723 ab
1320 1661 1410 1724 altera

269 1758 420 1821 Parisinus
442 1777 473 1819 n.
489 1757 572 1818 2712
595 1765 625 1819 ct
644 1777 674 1819 n.
690 1757 774 1820 2886
795 1765 826 1819 et
848 1757 956 1820 codicis
977 1757 1018 1820 La
1040 1757 1183 1820 secundas
1207 1776 1321 1831 manus,
1345 1779 1408 1822 me-

146 1869 153 1886 *
270 1859 350 1942 dium
367 1857 517 1938 quendam
532 1857 611 1919 inter
627 1863 770 1937 utrosque
785 1863 889 1918 tenere
904 1858 1003 1918 locum
1017 1857 1222 1919 Florentinum
1237 1857 1286 1920 F'.
1316 1861 1410 1932 Quam

271 1958 361 2038 igitur
394 1963 503 2019 certam
536 1957 681 2022 librorum
716 1955 950 2038 Sophocleornm
982 1956 1129 2018 rationem
1151 1956 1253 2032 Cobet,
1275 1957 1410 2031 Diodori,

271 2058 395 2138 Seyffert
421 2063 505 2136 pater
531 2055 585 2118 sibi
613 2042 777 2138 repperisse
803 2055 953 2123 videntur,
987 2065 1098 2135 negant
1124 2056 1256 2137 Lipsius,
1287 2057 1411 2138 Seyffert

271 2155 358 2228 filios,
379 2153 536 2226 Michaelis,
561 2162 593 2216 ut
614 2154 809 2216 Horatianum
832 2154 903 2216 illud
926 2154 1092 2234 praedicare
1113 2153 1211 2234 possis

414 2253 614 2332 ‘grammatici
637 2259 750 2315 certant
773 2261 802 2314 ct
824 2253 922 2314 adhuc
943 2251 999 2314 sub
1020 2252 1118 2314 iudice
1139 2252 1175 2314 lis
1198 2251 1269 2315 est’.

272 2354 375 2433 Neque
404 2351 556 2412 nouissimi
584 2350 635 2431 qui
662 2350 852 2431 disputabant
880 2351 916 2412 de
943 2351 998 2412 hac
1020 2369 1052 2412 re
1075 2369 1119 2413 vv.
1142 2352 1191 2414 dd.
1214 2353 1412 2416 consentiunt.

272 2453 345 2513 Nam
369 2449 506 2522 Carallin,
530 2450 597 2512 edit.
620 2448 681 2512 fab.
698 2450 878 2514 Philoctetae
893 2450 1071 2525 Lundensis,
1095 2453 1209 2515 codices
1233 2453 1283 2533 qui
1302 2451 1413 2515 diversi

272 2538 309 2612 ab
331 2548 530 2610 Laurentiano
552 2549 708 2611 videantur
740 2570 776 2611 ex
804 2550 861 2613 hoo
893 2551 933 2611 ita
957 2550 1146 2614 descendisse
1178 2551 1346 2624 contendit,
1379 2558 1414 2612 ut

272 2649 414 2712 lectiones
438 2665 513 2727 quae
534 2648 565 2709 in
587 2648 623 2710 iis
645 2647 780 2710 meliores
803 2650 865 2710 sint
880 2665 941 2710 non
964 2669 998 2710 cx
1021 2665 1083 2712 uno
1098 2649 1195 2730 aliquo
1217 2649 1339 2730 antiqno
1362 2668 1413 2712 co-

274 2749 338 2810 dicc
360 2748 412 2810 sed
434 2765 469 2808 ex
491 2765 597 2827 magna
620 2749 666 2809 vel
688 2748 924 2828 apographorum
953 2748 999 2809 vel
1026 2749 1189 2827 glossarum
1211 2755 1240 2808 et
1261 2748 1414 2811 coniectu-

273 2870 373 2914 rarum
397 2851 537 2913 rarietate
559 2850 733 2930 provenisse
755 2848 905 2912 habendae
928 2849 996 2911 sint.
1033 2855 1071 2911 nt
1085 2850 1229 2912 liudolfus
1253 2849 1415 2912 Schneider

196 3007 204 3028 ,
275 2973 301 3013 r.
311 2952 338 3012 d.
352 2949 551 3012 Bcrolinensis
563 2949 595 3010 in
607 2949 788 3011 Fleckeiseni
800 2967 867 3010 nov.
881 2967 950 3011 ann.
963 2949 1207 3029 philol.vol.CllV
1218 2969 1268 3030 pp.
1276 2949 1335 3010 441
1348 2967 1414 3029 sqq.

274 3051 355 3112 litem
376 3049 417 3111 ita
441 3049 597 3111 resolvisse
617 3049 672 3110 sibi
694 3049 774 3110 visus
790 3055 844 3122 est,
867 3055 901 3110 ut
922 3048 1100 3128 comparatis
1123 3047 1203 3110 iuter
1217 3038 1255 3110 se
1264 3047 1415 3110 codicibus

275 3150 314 3212 La
330 3155 359 3211 et
378 3148 484 3210 Panh
507 3147 670 3210 censuerit:
699 3147 775 3208 ‘duo
801 3165 908 3227 genera
931 3165 998 3208 esse
1020 3145 1155 3209 codicum
1171 3146 1415 3227 Sophocleorum,
1517 3134 1519 3139 ’

276 3265 404 3329 qnorum
426 3247 546 3310 alterius
570 3253 657 3327 caput
679 3245 896 3308 Laurentianus
919 3263 944 3320 a,
968 3246 1119 3308 Parisinus
1141 3247 1165 3306 Α
1187 3245 1307 3308 alterius
1330 3251 1415 3306 esset.

277 3349 327 3409 llis
359 3347 448 3425 igitur
481 3346 596 3409 duobus
620 3346 706 3408 rerba
728 3351 832 3427 poetae
855 3363 943 3426 quam
966 3346 1120 3408 verissime
1140 3345 1218 3406 madi
1250 3352 1279 3406 ct
1310 3345 1350 3406 ita
1382 3351 1417 3404 ut

277 3446 474 3508 Laurentiano
508 3445 603 3508 maior
634 3446 790 3508 tribuenda
819 3446 862 3507 'sit
894 3447 1061 3508 auctoritas.
1105 3446 1224 3507 Praeter
1246 3445 1300 3507 hos
1324 3443 1416 3506 libros

277 3563 383 3625 paucas
405 3551 523 3606 tantum
547 3544 638 3606 varias
660 3545 799 3607 lectiones
822 3561 838 3605 a
861 3544 1008 3607 diorthota
1031 3549 1190 3606 asservatas
1213 3541 1317 3622 dignas
1340 3559 1416 3616 csse,
1519 3622 1522 3628 1
1622 3623 1623 3630 ¹

277 3661 401 3724 quarum
424 3643 498 3705 ratio
520 3643 655 3703 habenda
678 3643 726 3704 sit.
764 3643 853 3704 Plane
874 3661 944 3705 vero
965 3642 1144 3722 repudianda
1166 3660 1231 3704 esse
1253 3661 1328 3722 quae
1351 3659 1417 3704 cor-

277 3752 356 3806 recta
379 3743 438 3804 sint
458 3761 474 3804 a
492 3741 709 3804 recentioribus
724 3740 763 3804 La
788 3741 924 3804 manibus
947 3750 976 3803 et
997 3757 1073 3821 quae
1095 3740 1208 3802 diuersa
1230 3741 1365 3820 legantur
1385 3740 1416 3802 in

279 3843 383 3905 ceteris
399 3841 556 3903 codicibus.
594 3841 694 3902 Unum
710 3847 825 3903 tantum
843 3839 1074 3902 Laurentianum
1091 3839 1119 3909 b,
1143 3839 1192 3901 ubi
1209 3839 1242 3900 in
1258 3839 1297 3901 La
1312 3849 1417 3920 poetae

280 3941 368 4002 verba
390 3940 579 4012 evanuerint,
610 3939 733 4018 dignum
756 3940 895 4021 assequi
922 3939 1006 4002 testis
1030 3935 1172 4000 habeatur
1194 3957 1314 4014 eorum,
1343 3957 1418 4019 quae

280 4038 416 4120 primitus
435 4038 466 4099 in
481 4039 521 4100 La
536 4039 646 4118 scripta
661 4039 792 4101 luerint’.
831 4041 914 4114 Quae
936 4039 962 4102 si
985 4046 1063 4101 recta
1083 4047 1162 4113 sunt,
1186 4038 1417 4120 Sophocleornrn

281 4137 414 4200 codicum
447 4137 522 4199 ratio
556 4137 657 4199 eadem
684 4139 814 4218 putanda
847 4145 893 4200 est
927 4145 1015 4219 atque
1041 4137 1277 4218 Aeschyleorum.
1323 4138 1418 4212 Quam

282 4236 461 4300 sententiam
476 4234 667 4317 approbatam
684 4255 698 4298 a
715 4237 749 4298 N.
766 4237 926 4299 Wechlinio
948 4237 981 4298 in
995 4236 1132 4299 Bursiani
1144 4255 1212 4298 ann.
1224 4238 1260 4298 de
1271 4254 1419 4318 progress.

282 4337 403 4400 litterar.
428 4335 573 4415 antiquar.
597 4336 653 4397 vol.
678 4337 698 4397 V
721 4355 749 4417 p.
775 4335 837 4397 222
860 4355 914 4416 ego
936 4353 1056 4418 quoque
1078 4336 1260 4416 sequendam
1281 4355 1398 4398 censeo.

368 4435 425 4496 ‘hb
448 4435 514 4496 love
548 4435 751 4516 principium’.
798 4435 929 4498 Orsurus
962 4437 1040 4498 enim
1072 4435 1131 4498 iam
1165 4435 1281 4498 initium
1316 4435 1418 4497 faciam
