3268 5072
312 1195 699 1298 Emendationes
736 1200 785 1296 et
820 1195 1253 1326 interpretationes

631 1362 947 1496 Sophocleae.

866 1693 920 1744 Nos
938 1693 981 1760 qui
1005 1693 1132 1758 sequimur
1151 1692 1290 1759 probabilia
1309 1709 1355 1744 nec

815 1776 886 1827 ultra
904 1777 930 1826 id
950 1775 1015 1842 quod
1032 1775 1090 1826 veri
1108 1776 1192 1833 simile
1212 1775 1357 1826 occurrerit

816 1859 936 1925 progredi
953 1873 1094 1925 possumus,
1117 1863 1143 1907 et
1161 1855 1281 1908 refellere
1300 1857 1355 1908 sine

701 1959 703 1966 ¹
815 1940 956 2008 pertinacia
981 1947 1008 1990 et
1032 1937 1119 1990 relelli
1146 1939 1199 1990 0100
1223 1929 1356 1990 iracundia

815 2023 897 2088 parati
915 2037 1010 2074 sumus.
1132 2029 1133 2034 ’

909 2103 963 2156 Cic.
982 2105 1075 2171 disput.
1094 2103 1197 2156 'l'useul
1217 2102 1247 2169 ll,
1260 2103 1283 2170 2,
1296 2103 1320 2155 o.

299 2258 397 2329 Quum
431 2254 566 2335 plurimis
598 2254 792 2334 scriptoribus
826 2255 942 2318 Graecis
975 2261 1003 2318 01
1038 2255 1194 2330 Romanis,
1226 2261 1291 2316 tum
1323 2255 1355 2316 in

213 2355 316 2437 primis
340 2355 479 2434 Sophocli
501 2353 612 2416 nostris
634 2354 755 2416 demum
777 2352 961 2434 temporibus
984 2354 1120 2434 contigit,
1148 2363 1183 2416 ut
1204 2353 1268 2416 0100
1289 2353 1355 2414 libri

214 2475 305 2518 manu
327 2453 429 2534 scripti
450 2453 490 2516 ita
506 2453 757 2533 perquirerentur,
781 2461 906 2533 atquae
929 2453 968 2516 011
991 2471 1094 2516 eorum
1117 2453 1194 2516 inter
1216 2471 1248 2514 se
1271 2452 1355 2514 simi·

213 2554 308 2616 litudo
330 2561 416 2632 atque
437 2553 513 2614 ratio
535 2552 656 2614 taudem
679 2551 802 2612 iudicari
817 2551 918 2632 possit.
958 2551 1032 2615 Nam
1048 2571 1139 2634 quum
1163 2571 1243 2615 anno
1266 2551 1354 2615 buius

214 2653 324 2716 saeculi
341 2653 445 2715 Petrus
460 2652 588 2731 Elmsley
603 2651 734 2712 codicem
748 2651 902 2731 Sophoclis
913 2651 1146 2714 laurentianum
1160 2651 1354 2714 bibliothecae

212 2752 398 2814 Florentinae
420 2750 511 2831 plutei
533 2749 650 2827 XXXll,
667 2750 697 2824 9,
727 2750 779 2830 qui
801 2757 922 2812 notatur
944 2751 1000 2825 La,
1028 2751 1171 2831 scriptum
1199 2751 1230 2812 10
1258 2770 1353 2812 mem-

213 2851 312 2914 branis
335 2851 452 2914 saecnlo
469 2849 583 2912 decimo
606 2849 652 2910 rel
673 2849 798 2911 ineunte
820 2849 975 2912 undecimo
991 2850 1157 2912 accuratius
1181 2849 1354 2911 contulisset

213 2959 242 3012 01
264 2949 357 3012 Cobet
378 2949 504 3012 Batavus
526 2949 557 3010 in
580 2948 714 3011 oratione
736 2950 772 3011 de
795 2957 859 3010 arte
880 2949 1110 3030 interpretandi,
1137 2949 1230 3028 Lugd.
1254 2948 1352 3020 Ratav.

215 3047 306 3124 1847,
329 3049 450 3112 unicum
474 3067 542 3110 eum
558 3049 715 3129 Sophoclei
738 3058 892 3112 contextus
915 3051 1029 3112 iontem
1053 3069 1119 3112 esse
1142 3049 1352 3124 contendisset,
1427 3028 1436 3048 ⁹

212 3149 321 3212 mirum
344 3156 489 3228 quantum
512 3147 635 3210 excitata
657 3157 729 3210 sunt
751 3148 847 3210 studia
870 3167 914 3208 vv.
931 3149 979 3209 du.
999 3149 1035 3210 ad
1058 3149 1292 3230 perspiciendam
1315 3149 1352 3210 ti-

211 3248 333 3310 brorum
350 3245 582 3327 Sophocleorum
606 3248 762 3309 rationem.
800 3247 896 3327 Atque
911 3247 1025 3327 primus
1041 3248 1160 3328 quidem
1177 3247 1210 3310 G.
1227 3247 1356 3310 Diodori

212 3366 226 3410 0
249 3346 415 3409 Friederico
437 3343 593 3407 Duebnero
615 3344 799 3424 impetravit,
827 3355 861 3407 ut
882 3345 993 3408 librum
1016 3347 1113 3410 denuc
1136 3347 1352 3410 accuratissime
1441 3335 1443 3340 ’

212 3446 369 3508 conferret.
414 3445 479 3520 Quo
502 3443 607 3506 collato
629 3444 772 3506 Batavum
794 3451 914 3508 secutus
943 3463 1047 3510 omnes
1074 3446 1126 3527 qui
1153 3455 1271 3508 exstant
1294 3446 1350 3507 So-

211 3545 351 3626 pbocleos
366 3543 457 3606 libros
472 3542 703 3624 manuscriptos
718 3542 908 3606 Laurentiani
931 3563 1020 3626 quem
1037 3545 1163 3607 diximus
1186 3545 1351 3625 apographa

211 3663 277 3708 esse
300 3643 418 3714 statuit,
448 3661 574 3724 quorum
597 3649 715 3722 praeter
737 3642 851 3706 codices
875 3642 1069 3706 Triclinianos
1096 3643 1153 3706 duo
1176 3661 1283 3723 genera
1306 3643 1351 3705 di-

210 3743 322 3816 01100011,
344 3742 400 3804 0110
421 3740 587 3822 antiquiora
610 3748 640 3804 et
661 3759 736 3823 quae
762 3741 883 3822 propius
906 3742 942 3805 ad
966 3743 1096 3805 codicem
1117 3743 1350 3806 Laurentianum

210 3843 361 3916 accedant,
384 3841 548 3903 Parisinum
565 3859 593 3902 0.
611 3839 704 3914 2712,
728 3841 798 3921 sigla
815 3842 837 3904 Α
855 3848 1000 3915 notatum,
1022 3841 1131 3904 saeculi
1150 3842 1229 3904 tertii
1245 3843 1351 3906 decimi

211 3954 240 4006 et
254 3943 459 4006 Florentinum
481 3957 510 4002 n.
528 3938 621 4012 2725,
639 3941 676 4014 Γ,
699 3940 809 4004 0000011
831 3940 929 4022 quarti
945 3940 1052 4002 doctmi
1075 3949 1104 4002 et
1119 3939 1348 4004 Laurentiaaum

210 4041 303 4124 plutei
324 4039 426 4112 XXXI,
445 4039 493 4111 10,
514 4038 567 4114 bb,
590 4039 699 4102 saeculi
721 4041 818 4120 quarti
849 4039 968 4115 decimi,
997 4040 1051 4104 alia
1073 4040 1245 4102 recentiora.
1291 4042 1348 4102 Sed

211 4157 301 4222 quern
323 4140 387 4220 ipse
412 4155 545 4200 summae
578 4138 610 4200 in
643 4139 828 4202 restituendo
858 4147 963 4220 poetae
997 4145 1136 4201 contextu
1167 4135 1348 4203 auctoritatis

210 4240 335 4303 habebat
357 4237 487 4300 codicem
502 4237 670 4319 quingentis
694 4239 756 4302 lere
778 4236 849 4301 locis
866 4239 999 4301 descrere
1015 4245 1134 4300 coactus
1157 4247 1202 4301 est
1223 4246 1252 4302 et
1275 4258 1348 4320 apo-

209 4338 388 4420 graphorum
413 4355 489 4418 quae
518 4337 639 4400 vocabat
665 4338 807 4400 lectiones
836 4339 993 4418 praeferre.
1038 4337 1141 4418 Neque
1164 4338 1228 4400 eius
1251 4357 1348 4400 assec-

209 4447 286 4502 tator
312 4444 400 4516 atque
433 4437 506 4498 adeo
540 4437 694 4516 castigator
726 4437 942 4500 inconstantiae
966 4436 1169 4500 bindorbanae
1192 4437 1347 4499 Mauricius
