3266 5084
644 317 937 380 .-vr-.

208 491 353 562 sidens,
382 509 622 553 commorans.
669 491 745 552 Nihil
775 493 852 552 aliud
883 493 972 570 igitur
1002 492 1109 552 chorus
1138 497 1222 568 rogat
1244 508 1350 570 quam:

209 590 270 650 ‘dic
296 590 369 650 mihi
392 609 464 669 quoe
490 590 552 652 loco
572 599 664 652 teneat
685 589 839 652 Philocteta
860 590 879 650 i.
902 609 928 652 e.
952 589 1001 650 ubi
1022 588 1176 650 versetur'.
1216 589 1252 649 At
1280 595 1352 649 tune

208 705 289 748 mera
312 688 376 750 loco
398 688 558 766 tautologia
582 687 667 750 inest.
706 688 763 748 Sed
780 689 882 750 cadem
906 688 988 748 chori
1012 687 1108 748 verbis
1124 686 1253 764 graviter
1267 685 1352 765 flagi*

207 786 297 848 tantis
320 787 396 848 inest
418 786 476 848 OC.
494 805 535 846 vv.
554 785 616 846 234
628 804 671 866 sq.

308 895 349 959 coi
371 895 409 958 δὲ
430 893 528 959 τῶνδ’
552 891 701 979 ἑδράνων
723 893 827 960 πάλιν
850 895 988 970 ἔκτοπος

308 991 411 1068 αὖθις
434 993 584 1080 ἄφορμος
606 994 686 1076 ἐμᾶς
708 991 833 1076 χθονὸς
856 993 985 1075 ἔκθορε,

208 1117 238 1170 et
259 1089 439 1170 Philoctetae
462 1109 569 1188 gaudio
592 1109 765 1170 exsultantis
788 1127 832 1169 vv.
849 1107 912 1169 236
925 1128 970 1188 sq.

307 1223 358 1294 τίς
380 1217 428 1296 τ’,
452 1217 477 1283 ὦ
499 1223 622 1294 τέκνον,
647 1221 823 1302 προσέσχε,
847 1221 896 1292 τίς
918 1213 1108 1302 προσήγαγε
1224 1293 1230 1297 ἡ

307 1323 401 1400 χρεία
408 1348 419 1398 ,·
442 1323 492 1394 τίς
514 1315 617 1402 rippam
645 1314 693 1392 τίς
716 1315 847 1400 ἀνέμων
869 1315 888 1381 o‘
911 1317 1070 1400 φίλτατος
1077 1343 1088 1393 ,·

208 1433 253 1494 Αἰ.
278 1451 303 1494 v.
320 1433 381 1494 270

310 1542 380 1616 πῶς
401 1536 489 1606 τοῦτ’
516 1539 642 1614 ἔλεξας·
667 1535 706 1606 οὗ
729 1532 861 1604 κάτοιδ’
884 1535 977 1612 ὅπως
999 1535 1122 1636 λέγειςς

209 1655 309 1735 Eurip.
332 1659 433 1734 fragm.
459 1654 536 1734 apud
560 1655 698 1716 Clement
723 1653 804 1714 Alex.
829 1653 940 1714 Strom.
956 1652 994 1713 Vl
1010 1673 1039 1732 p.
1055 1651 1132 1714 742:

306 1781 411 1841 ποίοιν
434 1795 470 1840 σο
493 1779 608 1860 φῶμεν
629 1777 728 1855 γαῖαν
750 1769 972 1838 ἐκλελοιπότα

308 1874 407 1940 πόλει
431 1875 612 1949 ξενοῦσθαι
635 1874 732 1960 afflet
758 1878 809 1949 τίς
831 1872 961 1956 ποὲτροις
984 1867 1074 1958 ὅρος,·

307 1979 357 2048 τίς
379 1971 458 2038 ἔσθ’
481 1971 501 2038 ὁ
524 1973 647 2057 φύσαςς
685 1973 743 2036 τοῦ
765 1970 938 2056 κεκήρσξαι
962 1967 1086 2054 πατρός
1092 1999 1103 2049 ,·

208 2101 284 2161 ltem
312 2099 400 2180 igitur
430 2101 476 2162 his
505 2102 537 2162 in
567 2099 700 2160 versibus
731 2099 878 2160 cumulata
908 2097 995 2160 verba
1018 2115 1180 2178 synonyma
1209 2103 1350 2175 urgentes

208 2198 291 2260 chori
312 2217 413 2278 preces
437 2200 615 2280 exprimunt.
661 2197 747 2258 Hune
769 2216 857 2278 mrem
885 2197 1025 2277 explicavi
1047 2213 1171 2257 sensum
1195 2213 1262 2256 aum
1286 2213 1351 2255 esse

209 2315 298 2377 quem
320 2305 405 2376 poeta
429 2298 540 2358 dictum
564 2296 697 2368 voluerit,
721 2296 861 2359 evincunt
885 2296 971 2358 verba
996 2313 1070 2374 quae
1085 2300 1251 2374 sequuntur

609 2407 646 2470 τὸ
668 2403 730 2491 γάρ
753 2429 811 2490 μοι

307 2507 435 2588 μαθεῖν
458 2501 516 2570 οὐκ
538 2501 748 2590 ἆποκοιίριον,

306 2603 350 2688 μὴ
373 2603 575 2688 προσπεσών
596 2629 638 2688 με
660 2601 750 2688 λάθῃ
775 2605 896 2668 ποθέν.

206 2729 320 2802 Quibus
337 2750 429 2812 quum
446 2750 508 2796 non
520 2732 656 2814 protinus
668 2731 857 2812 responderit
869 2729 1091 2810 Neoptolemus,
1108 2729 1217 2792 chorus
1232 2728 1351 2790 instans

205 2829 337 2910 adiungit

305 2943 356 3014 cic
377 2939 482 3016 τόπος
502 2938 524 3025 ἢ
544 2944 596 3016 τίς
619 2940 710 3024 ἕδρα,
734 2936 799 3004 τίν’
824 2938 890 3020 ἔχει
914 2933 1030 3022 στίβον

306 3023 444 3092 ἔναυλον
465 3023 485 3112 ἢ
508 3029 670 3111 haector,-

204 3149 286 3211 Haee
311 3151 402 3230 igitur
427 3171 513 3214 eausa
543 3161 606 3221 est,
641 3171 733 3233 quare
766 3153 875 3213 chorus
904 3150 1132 3230 Neoptolemum
1165 3157 1266 3228 coget,
1300 3149 1350 3210 uhi

206 3258 339 3311 versetur
360 3251 533 3321 Philocteta,
555 3268 594 3311 ne
617 3251 798 3331 necopinans
821 3249 858 3310 ab
880 3267 915 3309 eo
932 3249 1125 3330 opprimatur.
1163 3249 1240 3310 Hinc
1258 3249 1351 3328 liquet

205 3347 391 3427 ineptissime
412 3350 538 3410 chorum
561 3367 675 3428 rogare,
712 3348 761 3410 uhi
784 3348 823 3410 sit
845 3347 996 3420 hahitatio,
1025 3347 1085 3409 imo
1108 3366 1177 3408 vero
1200 3347 1225 3408 si
1249 3347 1350 3427 utique

108 3465 121 3475 “
205 3439 309 3517 αὐλάς
343 3446 379 3506 ad
411 3445 487 3508 hanc
519 3445 632 3508 referre
660 3447 758 3518 velles,
791 3447 818 3506 ei
839 3445 1003 3525 rogandum
1027 3445 1130 3516 fuisse,
1164 3464 1238 3506 num
1272 3453 1351 3507 esset

205 3543 285 3604 domi
308 3542 478 3605 Philocteta.
524 3544 610 3616 Quod
633 3565 649 3604 e
671 3543 768 3606 verbis
797 3543 915 3606 traditis
950 3544 1008 3606 ullo
1042 3544 1130 3604 modo
1164 3544 1228 3604 elici
1261 3563 1350 3623 posse

206 3659 293 3722 nego.
346 3641 427 3714 Quae
456 3642 550 3704 'etiam
584 3642 763 3704 confirmant
796 3650 926 3704 extrema
966 3643 1031 3704 eius
1064 3641 1152 3704 verba
1185 3637 1251 3704 τίν’
1282 3639 1349 3720 ἔχει

206 3743 331 3822 στίβον,
358 3737 496 3802 ἔναυλον
520 3736 542 3823 ἢ
568 3741 729 3823 tapetam
762 3743 829 3815 Quo
857 3760 945 3804 versu
968 3759 1060 3822 quum
1084 3741 1217 3822 θυραίῳ
1241 3741 1303 3802 lere
1325 3741 1350 3801 is

206 3845 385 3920 opponatur,
408 3838 459 3919 qui
480 3838 520 3900 sit
540 3839 631 3912 intus,
656 3839 812 3901 manifesto
836 3839 945 3901 chorus
968 3847 1068 3920 rogat:
1093 3847 1188 3900 ‘osteo
1212 3843 1290 3901 rictus
1310 3857 1350 3900 on

203 3937 303 4014 foris'.
348 3937 506 4017 Postquam
535 3937 626 4016 igitur
653 3937 749 4017 primo
777 3937 952 4002 summatim
985 3937 1108 4018 rogavit,
1137 3937 1187 3999 ubi
1214 3945 1350 4000 versetur

205 4038 379 4108 Philocteta,
402 4035 508 4096 deinde
530 4035 692 4112 distinguit,
716 4043 817 4098 utrum
840 4037 879 4097 sit
900 4037 983 4098 intus
1005 4053 1044 4096 an
1067 4035 1147 4098 ioris.

291 4136 373 4209 Quae
408 4133 433 4196 si
467 4142 548 4196 recte
584 4134 731 4215 disputata
766 4141 850 4206 sunt,
884 4134 986 4212 inepta
1019 4133 1229 4214 Neoptolemus
1262 4133 1349 4214 quasi

143 4226 148 4238 '
205 4235 354 4298 haesitans
376 4240 464 4312 atque
487 4232 610 4312 chorum
634 4250 696 4294 non
719 4233 835 4294 novisse
859 4231 1093 4294 Philoctetaeum
1110 4239 1244 4304 anuum,
1268 4233 1348 4312 quod

205 4353 249 4395 vv.
267 4332 328 4394 144
340 4350 385 4412 sq.
413 4332 674 4404 demonstraverat,
703 4331 840 4411 opinatus
869 4329 1044 4410 respondet:
1079 4331 1207 4394 ‘domum
1237 4331 1349 4412 porilem

204 4431 305 4502 ator,
327 4435 406 4491 carte
429 4429 523 4491 multo
546 4429 644 4510 aptius
667 4430 702 4491 acl
725 4431 804 4492 illius
827 4431 915 4493 verba
938 4429 1097 4509 flagitantis
