3266 5084
657 343 875 406 ..65-

193 520 234 571 est
254 515 341 581 nu'tti,
363 517 391 576 α’
408 531 441 575 re
462 532 531 576 cera
553 533 653 578 curum
675 517 803 598 ολὲηυουι
815 524 908 598 putris
927 521 1083 599 parendum
1104 523 1275 598 arbitratur,
1298 545 1337 588 oo

191 606 239 670 ille
271 611 369 673 salom
399 615 443 683 ait.
491 614 588 695 Νέμω
622 613 745 677 verbum
778 617 904 698 simplex
926 637 942 679 a
967 619 1113 700 Sophocle
1145 622 1248 686 tralato
1281 641 1335 704 pro

192 706 320 770 derivato
344 707 468 792 νομίζω
491 712 604 774 dictum
632 721 677 775 est
699 714 773 777 locis
795 725 924 797 septem,
948 720 983 778 cl.
999 717 1259 782 Ellendt-Genthe
1280 722 1334 786 lex.

192 805 340 887 Sophocl,
363 810 481 890 Sauppe
496 812 531 873 ad
549 811 620 873 Plat.
636 813 752 894 Protag.
768 834 797 895 p.
815 815 1017 897 actioneque
1033 817 1157 882 offendit
1171 819 1335 884 infinitivus

191 924 224 965 ea
240 925 296 985 qua
319 908 407 970 latine
426 909 540 971 reddidi
555 910 778 990 significatione.
816 914 890 976 Nam
907 935 924 976 e
939 915 1118 980 Graecorum
1142 935 1226 980 more
1248 918 1336 980 verba

190 1006 314 1084 putandi
337 1015 367 1067 et
388 1007 538 1070 iudicandi
560 1009 642 1071 solus
664 1010 830 1074 infinitivus
846 1013 1034 1094 sequebatur,
1057 1017 1136 1095 quod
1152 1017 1225 1079 haec
1248 1017 1335 1081 verba
1415 1041 1423 1061 ν

191 1103 274 1183 quasi
296 1104 428 1184 pleniore
454 1123 545 1168 sensu
578 1127 708 1188 aequum
742 1109 889 1174 iudicandi
923 1112 1151 1192 accipiebantur.
1196 1115 1238 1178 Cl.
1262 1115 1335 1178 Plat.

191 1201 265 1261 Phil.
281 1221 310 1281 p.
326 1201 411 1264 59A:
435 1203 466 1264 εἰ
488 1203 565 1287 περὶ
587 1200 720 1287 φύσεως
741 1204 870 1290 ἡγεῖταί
884 1231 935 1282 τις
951 1206 1068 1292 ζητεῖν,
1090 1212 1171 1274 Prot.
1187 1233 1215 1292 p.
1229 1212 1334 1276 3463:

190 1296 374 1382 Cepovldog
396 1293 541 1384 ἡγήσατο
569 1303 625 1364 καὶ
648 1301 747 1378 αὐτὸς
773 1304 933 1389 τύραννον
955 1306 1132 1372 ἐπαινέσαι
1153 1305 1210 1372 καὶ
1233 1310 1335 1391 ἐνκα-

189 1391 488 1558 ηιύσαηὶὲλοτοδοο.
505 1401 539 1475 V,
555 1401 606 1477 80,
630 1400 733 1465 δοκέω
756 1399 836 1488 ἡμῖν
864 1406 1054 1490 Αἰγινητῶν
1075 1406 1238 1484 δέεσθαι,
1262 1410 1334 1474 Ειιι.

215 1515 239 1556 r.
254 1517 281 1560 ν.

289 1621 490 1707 ἐλογισάμην
513 1617 572 1687 οὖν
593 1624 638 1708 τῷ
661 1626 775 1702 γένους
797 1623 956 1711 ἀρχηγέτῃ

288 1721 417 1806 μᾶλλον
439 1719 475 1807 μ’
499 1719 622 1805 ἀμύναι
647 1723 703 1805 τῆς
725 1721 916 1809 ὑποστάσης
937 1725 1072 1810 τροφούς.

187 1848 254 1929 lpse
277 1847 439 1930 Sophocles
462 1847 505 1912 At.
522 1869 565 1910 vv.
586 1849 665 1914 1171
678 1870 723 1932 sq.

288 1975 400 2038 καίτοι
423 1973 526 2036 κακοῦ
546 1973 631 2058 πρὸς
654 1970 774 2058 ἀνδρὸς
796 1971 876 2040 ὄντα
899 1972 1045 2060 δημότην
1122 2022 1124 2030 ι

285 2069 389 2154 μηδὲν
410 2070 563 2136 δικαιοῦν
585 2073 651 2136 τῶν
672 2072 867 2158 ἐφεστώτων
888 2068 1008 2148 κλύειν,

186 2204 311 2260 ‘censere
332 2201 447 2259 mimine
467 2201 501 2260 iis
516 2202 566 2278 qui
585 2203 739 2280 imperium
753 2211 865 2264 comant
882 2203 1047 2281 parendum
1068 2201 1148 2264 esse‘.
1186 2202 1224 2265 Et
1245 2221 1330 2282 grae-

185 2296 330 2359 cissantes
353 2295 491 2357 Horatius
514 2297 599 2377 epist.
615 2297 638 2370 l,
654 2298 684 2374 2,
699 2319 726 2360 v.
744 2299 778 2375 93

285 2411 421 2472 Antenor
443 2419 576 2470 censet
597 2407 666 2471 belli
688 2411 1065 2490 praeciderepcausanu

184 2535 303 2597 Tacitus
326 2534 432 2597 histor.
449 2536 461 2596 l
477 2555 501 2597 o.
518 2535 568 2608 39,
584 2568 628 2582 -
644 2554 711 2598 cum
734 2535 781 2598 alii
802 2535 833 2596 in
853 2535 997 2616 palatium
1019 2536 1157 2610 redire,
1179 2537 1228 2600 elii
1249 2538 1330 2619 oapi-

186 2633 292 2696 tolium
314 2643 461 2715 petere,
485 2635 618 2717 plerique
640 2644 737 2696 rostra
759 2633 929 2712 occupanda
952 2644 1166 2696 censerent.

270 2733 375 2795 Trach.
391 2753 437 2795 vv.
456 2733 515 2795 108
525 2753 591 2814 sqq.

269 2833 494 2896 Trachiniarum
523 2834 631 2895 chorus
661 2832 796 2910 ignarus,
835 2829 886 2891 ubi
924 2839 1071 2891 terrarum
1107 2829 1146 2891 sit
1178 2829 1328 2905 Hercules,

185 2930 277 2992 solem
300 2939 364 2992 orat
385 2938 421 2992 ut
441 2929 498 2991 sibi
521 2933 654 3005 nuntiet,
676 2930 726 2992 ubi
749 2930 906 2990 Alcmenae
928 2928 1004 2989 lilius
1027 2938 1171 2991 moretur.
1215 2930 1329 2990 Nema

184 3029 316 3090 Deianira
340 3031 477 3091 maritum
501 3029 686 3092 desiderante
708 3046 826 3108 semper
855 3027 990 3089 lacrimas
1012 3028 1162 3108 protirndi,
1187 3035 1221 3090 ut
1247 3047 1328 3090 nun·

184 3143 272 3205 quarn
293 3128 370 3189 oculi
391 3128 461 3190 sicci
483 3130 554 3202 sint,

285 3233 357 3298 ἀλλ’
382 3233 566 3320 ιύμναστον
587 3235 707 3323 ἀνδρὸς
730 3236 831 3321 demo
853 3239 1020 3320 φέρουσαν
1043 3232 1123 3300 odeo

283 3333 459 3417 ένθυμλοις
481 3331 592 3410 eicere
614 3333 857 3418 ἆνανδρύτοισι
878 3332 1063 3417 τρύχεσδαι

283 3429 387 3494 κακὰν
409 3428 572 3498 δύστανον
593 3430 797 3506 ἐλπίζουσαν
818 3420 929 3498 αἶσαν.

268 3555 378 3618 Dalivis
401 3554 577 3640 ἕνθομίοις
600 3553 710 3630 salvata
730 3551 971 3638 δνανδρύτοισι
991 3555 1126 3638 plerique
1149 3555 1312 3636 interprete

183 3674 300 3716 causam
333 3655 430 3717 allcrri
463 3655 542 3718 verbi
575 3650 760 3738 τρύχεσθαι
794 3655 987 3716 contendunt
1037 3656 1075 3716 tt
1107 3673 1195 3718 nemo
1228 3654 1326 3716 verbis

183 3748 368 3834 εύμναστον
389 3748 508 3836 ἀνδρὸς
529 3750 630 3835 δεῖμα
649 3754 816 3836 φέρουσαν
838 3747 919 3814 ὁδοῦ
942 3751 1057 3831 negarit
1079 3771 1198 3816 oausam
1220 3753 1326 3824 inesse,

183 3869 237 3911 cur
251 3849 385 3912 Deianira
401 3841 562 3934 τρύχεται,
585 3868 739 3932 quumque
754 3850 816 3911 sint
831 3847 934 3912 κακὰν
949 3845 1110 3910 δύστανον
1125 3845 1327 3921 ἐλπίζουσαν

183 3949 283 4010 αἶσαν
316 3949 502 4029 epexegetioe
536 3958 569 4011 ut
601 3949 709 4012 dicitur
736 3949 771 4010 ad
805 3943 989 4029 τύμναστον
1010 3953 1040 4008 et
1061 3965 1136 4027 quae
1159 3956 1326 4028 sequuntur

149 4047 152 4052 '
183 4047 313 4127 apposita
336 4055 367 4110 ct
388 4065 452 4110 eam
474 4047 512 4110 ob
535 4067 653 4110 causam
676 4064 737 4110 non
753 4046 853 4110 minus
868 4063 987 4108 τουτου]
1001 4043 1172 4108 tabescendi
1194 4047 1326 4122 atterant,

182 4145 264 4207 vides
285 4163 374 4226 quam
398 4147 522 4210 moleste
543 4146 675 4210 abundet
690 4145 807 4210 dativus
829 4143 918 4208 tertio
941 4161 1060 4208 causam
1082 4145 1219 4208 afferens.
1257 4145 1325 4206 Sta·

181 4245 327 4306 tuendum
361 4245 452 4325 igitur
484 4254 531 4308 cst
562 4236 675 4317 εύναϊς
707 4243 836 4306 dativum
871 4261 937 4306 esse
966 4243 1031 4306 loci.
1074 4244 1183 4305 Verum
1207 4251 1324 4306 servato

182 4338 376 4421 ένδυμίοις,
405 4344 551 4408 siveram
574 4343 617 4406 rei
646 4343 796 4406 rationem
824 4340 970 4422 exegeris,
1004 4340 1108 4402 eodem
1130 4339 1192 4402 fere
1214 4339 1325 4404 redibis

183 4440 366 4502 offensionis.
411 4442 546 4522 Namque
579 4441 633 4504 adi.
667 4433 827 4522 ἐνθύμιος
860 4457 953 4520 quum
986 4439 1064 4519 apud
1095 4438 1221 4502 Graecos
1254 4455 1324 4498 eum

226 4537 371 4591 Mueller,
387 4538 529 4611 Sophocles.
1148 4538 1165 4592 ὅ
