3266 5084
657 327 878 392 ..67-

295 493 513 586 κουρίδιον
536 502 752 564 ποθέουσα
780 497 923 576 πόσιν,
946 498 1004 563 τόν
1026 497 1163 586 ἄριστον
1183 505 1334 583 Αχαιῶν,

294 591 423 683 ἰφθίμη
448 595 565 679 ἄλοχος
588 596 776 682 Διομήδεος
799 591 1023 682 ἱπποδάμοιο.

196 713 233 775 Et
254 713 390 774 similiter
411 713 514 774 descb.
530 711 612 774 Pers.
628 732 672 774 vv.
691 709 822 793 l3bsqq.

296 821 415 904 λέκτρα
436 817 470 886 δ’
494 817 622 905 ἀνδρῶν
643 815 748 908 πόθῳ
771 821 966 905 πίμπλαται
989 819 1205 907 δακρύμασιν.

296 921 460 1008 Περσίδες
482 916 515 984 d'
538 913 763 1003 άκροπτνθετς
785 925 907 986 ἕκαστα
929 919 1031 1007 πόθῳ
1054 919 1212 1007 φιλάνορι

297 1019 353 1084 τόν
374 1018 556 1103 αἰχμάεντα
579 1020 700 1105 θοῦριν
722 1015 872 1104 εὐνατῆρ’
896 1017 1172 1106 ἀποπεμψαμένα

296 1115 446 1182 λείπεται
468 1111 618 1202 μονόζυξ.

283 1251 308 1293 v.
328 1233 397 1292 145.
435 1231 568 1293 Deianira
584 1232 711 1294 maxime
725 1232 762 1293 de
779 1231 909 1294 llerculis
930 1231 1050 1294 fortuna
1073 1231 1236 1308 sollicitata,
1260 1236 1340 1316 quod

198 1338 228 1392 et
245 1331 294 1393 diu
316 1331 373 1392 iam
397 1328 498 1392 aberat
520 1337 549 1391 et
571 1329 607 1391 de
629 1331 686 1391 hoc
706 1330 770 1409 ipso
793 1329 916 1392 absente
937 1340 1047 1392 sortem
1062 1331 1189 1396 habebat
1204 1335 1340 1412 gravissi-

199 1449 288 1502 mam,
310 1427 455 1508 virginum
478 1429 702 1490 Trachiniarum
726 1429 817 1491 choro
840 1447 914 1509 quae
929 1417 1025 1492 'suum
1047 1430 1182 1494 animum
1205 1443 1341 1495 moveant

200 1528 328 1608 exponit.
365 1527 476 1588 Exorsa
499 1537 598 1589 autem
614 1528 738 1590 chorum
754 1528 831 1590 baud
854 1528 942 1590 dubie
964 1528 1077 1604 adesse,
1099 1530 1179 1610 quod
1202 1549 1342 1610 angorem

199 1645 286 1688 suum
310 1626 347 1688 de
369 1624 490 1687 absente
511 1625 619 1688 marito
645 1626 803 1698 audiverit,
832 1627 902 1689 dicit
925 1637 1109 1709 quantopere
1130 1629 1248 1692 animus
1271 1647 1343 1692 suus

200 1726 361 1798 copuletur,
384 1725 455 1786 velle
478 1743 510 1786 se
530 1742 568 1787 ne
590 1733 771 1806 cognoscant
793 1733 930 1805 expertae
953 1734 982 1787 et
1003 1744 1085 1789 nunc
1106 1745 1155 1789 eas
1176 1727 1343 1808 inexpertas

200 1844 275 1887 esse.
321 1823 483 1886 Continuat

300 1933 337 1998 τό
360 1933 423 2017 γὰρ
445 1929 562 2007 νεάζον
583 1931 619 1997 έν
640 1931 790 1996 τοιοῖσδε
811 1931 968 2016 βόσκεται

300 2028 458 2117 χάροισιν
480 2028 596 2107 αὐτοῦ,
620 2033 676 2093 καί
698 2053 751 2095 νιν
773 2027 811 2095 οὗ
832 2029 968 2108 θάλπος
988 2033 1074 2098 θοοῦ

302 2127 374 2196 οὐδ’
398 2129 520 2216 ὄμβρος
542 2125 620 2194 οὐδὲ
643 2128 840 2212 πνευμάτων
863 2125 959 2196 οὐδὲν
981 2130 1100 2197 κλονεῖ.

202 2247 267 2320 Quo
289 2245 319 2307 iu
342 2243 439 2306 medio
462 2263 548 2306 versu
570 2243 743 2324 explicando
763 2241 853 2306 scbol.
870 2243 954 2307 Laur.
977 2245 1088 2308 frustra
1111 2265 1230 2327 operam
1254 2243 1344 2320 dedit,

201 2353 318 2407 tantum
341 2343 370 2405 id
393 2342 484 2404 modo
505 2341 592 2404 nobis
620 2349 784 2404 memoratu
818 2341 940 2421 dignum
975 2343 1096 2407 tradens
1129 2345 1201 2407 alios
1234 2339 1345 2418 αὐτοῦ,

203 2445 275 2505 alios
304 2437 406 2506 αὑτοῦ
432 2440 576 2516 scribere,
605 2439 642 2503 τό
671 2435 703 2503 d'
732 2431 834 2503 ademi
861 2463 948 2515 τινες
969 2439 1190 2526 φιλοῦσι-καὶ
1211 2443 1347 2506 νοοῦσιν

203 2537 342 2604 αὐτόθι·
374 2539 460 2605 ἔνιοι
493 2541 531 2606 dd
564 2539 765 2606 δασόνουσιν
798 2537 870 2603 ἀντὶ
903 2541 961 2603 τοῦ
995 2538 1122 2603 ἑαυτοῦ.
1173 2541 1249 2603 liinc
1281 2541 1345 2603 cod.

203 2641 290 2702 laur.
312 2660 327 2702 a
351 2634 453 2703 άῦτοό
475 2660 542 2703 cum
566 2641 674 2722 duplici
698 2639 814 2721 spiritu.
852 2641 890 2701 m
912 2657 1004 2720 quum
1031 2657 1199 2720 pronomen
1222 2639 1346 2700 demon-

204 2739 358 2801 strativum
379 2738 530 2802 τοιοῖσδε
551 2739 714 2802 enuntiatio
729 2740 848 2801 relativa
864 2737 949 2819 sequi
965 2737 1077 2811 debeat,
1101 2755 1160 2817 quo
1176 2735 1349 2816 designetur

205 2838 306 2918 quales
328 2838 408 2899 locos
431 2837 567 2900 Deianira
590 2838 718 2917 intellegi
742 2837 824 2910 velit,
852 2853 963 2898 nomen
985 2827 1143 2918 χάρυισιν
1165 2834 1195 2895 in
1216 2831 1347 2916 χάροις,
1414 2837 1423 2858 ·

207 2930 251 2998 ἵν’
275 2936 376 2998 dividit
397 2935 558 3016 llusgrave
581 2937 610 2998 id
633 2938 711 3017 quod
736 2936 876 2998 omnibus
898 2934 960 2996 lere
983 2933 1032 3014 qui
1056 2931 1232 3013 Sophoclem
1255 2933 1349 2995 inter-

206 3042 363 3115 pretantur
384 3035 527 3114 probarit
573 3034 636 3108 Qua
658 3035 814 3115 llusgravii
844 3032 1011 3096 coniectura
1040 3040 1158 3111 recepta
1181 3031 1349 3094 membrum

206 3134 359 3195 relativum
389 3133 516 3196 efficitur
545 3128 592 3196 ἵν’
619 3125 722 3196 αὑτοῦ
748 3152 790 3195 sc.
819 3123 911 3196 ἐστίν
936 3132 955 3192 i.
979 3151 1006 3196 e.
1034 3132 1102 3194 ‘ubi
1124 3135 1172 3194 soi
1193 3134 1264 3194 mm
1287 3128 1350 3194 αι’.

208 3232 265 3293 Sed
299 3231 413 3314 puellae
439 3231 517 3294 baud
545 3249 694 3311 quaquam
728 3231 776 3292 sui
803 3230 876 3292 iuris
904 3230 959 3292 dici
987 3238 1123 3310 possunt.
1166 3231 1243 3292 Sunt
1270 3229 1351 3292 enim

208 3348 300 3408 aeque
322 3328 354 3390 iu
376 3335 523 3408 potestate
548 3335 705 3409 parentum
738 3335 827 3408 atque
860 3327 1000 3389 mulieres
1033 3328 1062 3390 iu
1095 3328 1143 3389 illa
1161 3327 1351 3390 maritorum

208 3446 307 3508 neque
328 3426 359 3488 in
381 3426 576 3507 sequentibus
598 3426 733 3488 Deianira
756 3424 957 3488 conditionem
980 3442 1065 3486 suam
1088 3424 1222 3486 Herculis
1245 3424 1352 3488 volun·

209 3526 263 3587 tati
285 3523 445 3587 obnoxiam
469 3524 613 3603 queritur,
635 3525 687 3586 sed
710 3541 797 3588 curas
818 3531 907 3604 atque
929 3522 1102 3596 anxietates,
1124 3522 1233 3602 quibus
1256 3522 1293 3582 de
1317 3541 1352 3584 eo

210 3623 376 3686 afflictatur.
421 3623 592 3703 Comparari
618 3623 709 3703 igitur
735 3640 796 3686 nen
826 3622 889 3704 quit
912 3620 1045 3682 Tibullus
1067 3620 1103 3682 ab
1126 3619 1253 3701 Hauptio
1276 3620 1352 3682 ller-

211 3739 320 3784 manuo
344 3722 375 3784 in
397 3721 574 3784 memoriam
596 3729 760 3796 revocatus,
783 3720 875 3796 lto,
893 3719 941 3791 15,

311 3833 452 3914 praecipit
474 3840 504 3895 et
526 3841 613 3896 name
634 3838 731 3894 mater
752 3831 884 3896 studiosa
909 3831 988 3911 quod
1011 3837 1105 3910 optet,

311 3930 359 3992 illa
381 3930 459 3992 aliud
482 3931 581 4004 tacita,
604 3932 662 3994 iam
685 3948 749 4004 sua,
772 3938 873 3992 mente
894 3936 989 4010 rogat.

212 4043 278 4116 Quo
301 4042 366 4104 loco
381 4048 467 4122 poeta
483 4042 638 4106 Romanus
652 4044 689 4106 de
705 4043 763 4105 tilia
785 4043 842 4105 iam
858 4041 937 4104 aliud
954 4039 1024 4120 quid
1040 4055 1128 4120 quom
1151 4045 1246 4099 mater
1267 4038 1355 4100 tacite

212 4159 313 4202 secum
336 4140 483 4220 cogitante
504 4141 650 4222 loquitur,
672 4142 751 4223 quod
775 4161 791 4203 a
813 4149 918 4204 nostro
938 4139 1003 4202 loco
1026 4138 1155 4201 alienum
1178 4155 1245 4198 esse
1266 4144 1355 4217 patet.

214 4238 311 4300 llltera
345 4246 444 4302 sutem
479 4239 603 4302 offensio
637 4241 745 4321 legitur
776 4240 809 4302 in
842 4239 884 4302 eis
917 4257 993 4319 quae
1014 4236 1148 4317 proxime
1176 4243 1355 4315 sequuntur.

214 4337 289 4399 Nam
311 4333 441 4401 κλονεῖν
462 4337 605 4417 agitare
628 4339 665 4402 de
686 4339 783 4402 imbre
806 4337 926 4419 quidem
950 4344 981 4398 et
1003 4333 1249 4396 devenustem
1271 4349 1357 4412 prae·

214 4435 346 4509 dicatur,
378 4435 498 4498 minime
530 4455 600 4502 vero
634 4437 670 4498 de
702 4437 779 4510 sole,
811 4435 896 4498 cuius
917 4431 1143 4516 praedicationis
1175 4432 1272 4492 solum
1300 4429 1357 4490 boo

1162 4531 1197 4586 5*
