3266 5084
653 341 875 404 „37-

189 521 318 576 extrema
341 515 470 576 duorum
493 532 633 578 versuum
657 516 745 580 verba
769 517 865 580 deleta
888 535 968 592 esse,
997 537 1098 582 versus
1121 519 1152 581 in
1176 521 1256 582 hunc
1277 525 1339 582 lere

188 613 312 674 modurn
335 612 524 692 relingendos
548 619 687 695 opinatus
709 623 753 677 est

287 727 360 796 ἀλλ’
386 729 460 796 οὐδ’
483 731 565 817 ἐμόν
586 757 638 799 τοι
661 731 916 808 τοῦξανιστάναι
941 731 988 819 [o'
1013 735 1123 820 ἕδρας]

288 827 511 922 πόλεως-δίχ’
535 831 618 910 ἐστί,
643 837 724 918 πρίν
745 831 778 912 γ’
803 829 845 897 ἄν
866 832 1001 906 ἕνδείξω
1024 833 1129 918 τι[νί].

188 955 246 1028 Qui
268 956 312 1017 vir
326 957 355 1018 d.
370 964 405 1018 ut
419 955 520 1018 multis
543 955 606 1018 aliis
629 955 701 1018 locis
725 955 800 1017 miro
823 957 960 1018 acumine
982 957 1053 1038 quid
1076 965 1163 1038 poeta
1187 957 1339 1038 scripserit

188 1054 347 1134 perspexit,
371 1053 529 1116 violentius
552 1055 721 1116 sanandum
738 1073 813 1127 esse,
836 1055 862 1116 si
885 1055 964 1116 hunc
986 1055 1083 1117 locum
1107 1075 1175 1117 vere
1198 1066 1338 1118 sanatum

188 1153 326 1226 volueris,
347 1153 502 1232 ingeniose
522 1153 657 1216 coniecit.
694 1153 807 1216 Tamen
822 1153 897 1218 mihi
919 1153 1156 1216 emendationem
1178 1155 1338 1234 perfecisse

187 1271 247 1314 non
270 1253 394 1315 videtur.
432 1251 565 1316 Offendit
586 1251 667 1314 enim
691 1271 753 1314 non
768 1253 865 1314 solum
887 1252 1079 1316 indefinitum
1100 1255 1178 1327 ccvi,
1201 1271 1256 1333 pro
1279 1274 1338 1334 quo

187 1352 282 1416 multo
306 1351 398 1430 magis
420 1369 588 1432 pronomen
611 1350 768 1438 civitatem
789 1351 1001 1412 demonstrans
1028 1352 1257 1430 exspectaveris,
1286 1355 1338 1416 sed

188 1445 276 1512 e'tiam
304 1470 364 1533 quo
396 1469 500 1512 omnes
528 1469 600 1532 quas
629 1449 712 1511 attuli
742 1449 930 1512 coniecturae
952 1469 996 1510 vv.
1020 1450 1068 1511 dd.
1092 1449 1281 1512 offenderunt
1306 1451 1337 1512 id

188 1548 318 1610 retinuit
364 1547 440 1610 Nam
468 1556 498 1609 et
526 1542 659 1620 ἓνδείξω
684 1557 715 1610 et
736 1541 866 1628 θάρσος
894 1545 964 1609 ἐστὶ
986 1543 1243 1619 τούξανιστάναι
1266 1568 1337 1614 sana

189 1656 269 1719 sunt,
304 1647 356 1708 sed
389 1655 424 1708 ut
455 1647 487 1707 el
522 1643 589 1727 δρῶ
623 1655 760 1728 corrupta
794 1665 860 1708 esse
886 1653 967 1708 recte
990 1646 1096 1708 statuit
1118 1647 1225 1726 hoger,
1259 1645 1338 1726 δίχα

188 1743 317 1820 πόλεως
338 1753 479 1828 corrupta
501 1745 670 1808 traduntur.
709 1748 797 1823 Λίχα
821 1745 902 1807 enim
925 1764 993 1807 curn
1008 1745 1144 1825 genetivo
1167 1746 1336 1826 copulatum

188 1845 261 1908 nihil
284 1845 361 1908 aliud
392 1845 448 1906 nisi
475 1848 647 1925 separatim,
672 1845 779 1926 procul
801 1865 828 1918 o,
856 1848 915 1906 sine
938 1845 1029 1916 valet,
1058 1862 1120 1905 non
1150 1849 1275 1918 incussu,
1305 1854 1338 1907 ut

186 1945 304 2006 Ellendt
337 1951 366 2006 et
398 1943 505 2024 reliqui
538 1942 632 2023 intpp.
650 1943 822 2006 voluntlli.
845 1943 925 2004 enim
946 1963 971 2004 v.
989 1941 1061 2016 768,
1096 1963 1184 2023 quem
1220 1943 1337 2006 Ellendt

186 2051 305 2124 praeter
327 2063 396 2104 eum
420 2059 507 2122 quem
530 2048 692 2104 tractamus
714 2043 792 2112 citat,
816 2039 895 2120 δίχα
917 2040 1009 2103 θεῶν
1032 2041 1143 2104 directe
1165 2043 1337 2122 oppositum

186 2152 230 2204 est
244 2164 271 2204 v.
288 2143 349 2204 767
365 2143 462 2214 θεοῖς
484 2135 569 2224 ὁμοῦ
591 2151 620 2202 et
637 2161 663 2203 v.
681 2141 741 2202 765
758 2139 819 2203 ode
834 2138 942 2224 θεῷ*)
966 2140 1065 2221 itaque
1089 2159 1172 2202 suam
1197 2139 1252 2202 sibi
1275 2143 1335 2202 vim

185 2243 323 2304 vindicat.
361 2241 472 2304 Usitata
489 2249 586 2303 autem
613 2241 640 2302 vi
662 2241 710 2301 hic
725 2240 856 2320 positum
879 2239 1058 2301 sententiam
1074 2239 1173 2302 reddit
1194 2241 1335 2319 ineptam.
1368 2260 1370 2266 ·

187 2343 295 2404 Senem
319 2341 398 2402 enim
427 2339 607 2402 imbecillum
636 2339 680 2400 vir
709 2339 796 2400 etiam
827 2339 893 2424 sine
921 2338 1028 2400 civium
1052 2338 1159 2400 auxilio
1182 2337 1263 2400 solus
1286 2356 1336 2399 re-

185 2441 296 2522 pellere
325 2439 431 2520 potuit.
476 2437 561 2512 Quod
587 2456 654 2500 vero
678 2436 868 2518 potissimum
898 2447 958 2508 est,
991 2435 1057 2518 quis
1079 2455 1141 2498 non
1163 2437 1243 2498 videt
1265 2437 1336 2498 civi-

186 2547 287 2611 tatem,
321 2535 380 2620 np‘o
414 2532 528 2610 πόλιν,
564 2555 687 2618 prorsus
722 2554 784 2597 non
812 2535 972 2597 convenire
994 2535 1025 2595 in
1048 2535 1217 2596 membrum
1241 2522 1353 2614 prius,¹

186 2639 281 2701 multo
294 2637 392 2718 aptius
404 2636 478 2698 adici
490 2635 581 2697 verbo
594 2631 751 2706 ἐνδείξωῖ
773 2633 897 2696 Ouinam
919 2633 1013 2696 incola
1025 2633 1139 2695 facinus
1152 2634 1256 2714 Oedipi
1273 2642 1336 2694 erat

187 2733 362 2799 delaturus?
407 2735 520 2816 Nempe
542 2733 660 2796 civitati.
704 2733 829 2796 Maxime
852 2751 921 2794 vero
954 2733 987 2793 τί
1022 2730 1090 2814 δρῶ
1123 2751 1186 2794 non
1220 2733 1335 2794 admitti

186 2854 275 2916 posse
298 2842 328 2896 et
349 2831 408 2916 τὴν
430 2817 532 2895 πόλιν
554 2833 585 2894 in
601 2831 771 2894 membrum
788 2831 939 2912 posterius
963 2831 1160 2892 inserendum
1183 2850 1249 2893 esse
1263 2849 1334 2910 pro-

187 2935 256 2996 bare
279 2931 352 2994 mihi
374 2931 513 2994 ridentur
534 2930 577 2993 illi
599 2927 729 3010 paralleli
751 2937 785 2990 ut
808 2929 848 2990 ite
871 2929 966 2990 dicam
989 2947 1033 2989 vv.
1051 2927 1090 2988 77
1099 2948 1165 3010 sqq.

287 3076 389 3144 ahot
412 3070 486 3159 μέν’
510 3067 614 3158 οὗπερ
636 3071 799 3160 edepolvae,
824 3078 884 3148 ἕως
906 3072 971 3154 ἐγώ

286 3171 396 3241 τοῖσδ’
419 3168 544 3239 ἐνθάδ’
568 3169 678 3253 αὐτοῦ,
700 3173 746 3257 μὴ
768 3169 839 3236 κατ’
863 3170 958 3248 ἄστυ,
981 3169 1142 3256 δημόταις

287 3273 370 3347 λέξω
392 3269 468 3338 τάδ’
492 3268 613 3336 ἐλθών.
659 3270 732 3336 οἵδε
754 3271 817 3354 γὰρ
840 3269 991 3354 spanedat
1015 3285 1069 3333 ooo

289 3374 328 3436 ei.
340 3369 401 3457 χρή
423 3387 461 3436 oa
482 3373 618 3453 μίμνειν
639 3367 659 3453 ἢ
683 3367 893 3453 πορεύεσθαι
916 3361 1032 3432 πάλιν.

186 3523 269 3588 Sicut
291 3523 370 3586 enim
395 3522 489 3584 incola
512 3521 557 3583 his
573 3521 707 3584 uersibus
730 3519 839 3582 indicat
861 3539 894 3581 se
918 3517 1031 3580 lacinus
1048 3515 1152 3596 Oedipi
1168 3515 1335 3576 delaturum

188 3643 253 3686 esse
275 3621 446 3693 tribulibus,
469 3629 502 3682 ut
524 3620 565 3695 hi,
589 3639 650 3682 non
672 3619 794 3692 urbani,
818 3618 1027 3688 Athenienses,
1051 3615 1212 3677 decernant
1235 3621 1334 3674 utrum

189 3741 309 3786 manere
332 3722 437 3784 debeat
459 3738 498 3782 an
521 3719 662 3782 recedere
679 3718 820 3797 Oedipus,
843 3717 952 3778 diserte
969 3715 1107 3794 delegans
1130 3714 1166 3774 ad
1183 3731 1225 3772 vv.
1242 3711 1335 3790 disq.

187 3821 284 3884 verbis
300 3817 344 3904 μὴ
359 3813 432 3881 κατ’
449 3815 540 3892 ἄστυ,
564 3836 634 3879 nam
650 3814 962 3888 mutavit‘eonsilium,
985 3813 1029 3874 sic
1045 3832 1089 3873 vr.
1107 3811 1197 3891 disq.
1215 3829 1334 3892 quoque

187 3942 219 3983 se
242 3917 352 3982 civitati
374 3917 541 3979 delaturum
576 3934 640 3978 esse
673 3915 750 3978 dicat
782 3931 905 3976 necesse
936 3921 994 3984 est,
1027 3919 1060 3973 ut
1078 3905 1164 3972 'haec
1198 3910 1335 3972 decernat

256 4159 281 4224 ⁴)
308 4157 378 4226 Once
405 4157 486 4226 prins
513 4171 543 4208 ae
569 4156 673 4224 propria
700 4155 728 4206 vi
754 4159 876 4220 usurpata
899 4166 957 4204 cese
975 4151 1099 4204 concedes
1117 4165 1212 4202 maeror
1230 4149 1336 4202 Homeri

188 4249 339 4310 poematum,
357 4239 448 4308 quibus
466 4238 503 4290 dii
521 4238 643 4289 heroibus
662 4245 690 4288 nt
708 4236 825 4288 Minerva
844 4234 917 4286 Ulixi
936 4230 1334 4302 odyss.xl11,3or‚11.xxlll,

189 4324 239 4374 782
258 4329 284 4372 et
302 4321 417 4374 Diomedi
435 4319 463 4370 ll.
478 4319 510 4384 V,
530 4319 576 4372 185
585 4335 631 4384 sq,
648 4319 697 4370 809
707 4335 753 4384 sq,
770 4319 877 4382 835sqq.
901 4313 936 4380 X,
950 4315 999 4365 nte
1007 4330 1043 4380 sq.
1067 4321 1094 4364 ct
1111 4313 1209 4363 Achilli
1227 4311 1255 4362 ll.
1272 4309 1334 4376 XX,

188 4405 289 4472 Odsqq,
307 4399 391 4468 XXli,
404 4401 521 4468 bllsqq,
539 4401 644 4451 Hectori
657 4399 749 4467 Apollo
763 4397 791 4449 ll.
805 4395 864 4462 XV,
877 4397 995 4463 lbdsqq,
1009 4397 1058 4447 30⁷
1071 4401 1098 4446 ct
1109 4393 1176 4445 Ares
1189 4393 1217 4464 ll.¹
1231 4395 1262 4457 V,
1275 4393 1334 4459 595,

188 4486 293 4552 Odbsq,
310 4485 342 4536 ad
361 4485 428 4536 latus
444 4491 512 4535 scere
531 4482 659 4545 dicuntur,
676 4487 706 4531 ut
723 4480 798 4534 simoi
816 4493 860 4531 eos
879 4479 995 4530 excitent
1012 4484 1088 4544 atque
1105 4482 1232 4528 tueantur.
