3266 5084
777 344 998 406 ..66-

228 567 230 570 .
313 519 456 599 signifieat
480 520 528 600 qui
562 519 593 580 in
626 519 726 580 animo
761 527 822 592 est,
855 519 955 580 animo
984 521 1170 590 obversatur,
1204 520 1240 580 de
1262 538 1322 600 quo
1345 520 1454 598 eogita-

312 636 380 681 mus
402 628 456 680 ete.
480 619 580 698 itaque
603 613 779 699 ἒνθομέοις
807 613 917 690 εὐναῖς
944 610 1184 700 ἄνανδριέιοισι
1213 619 1270 679 hoe
1295 618 1361 679 loeo
1389 634 1455 678 ver-

312 718 436 780 tendum
461 714 512 778 sit:
537 720 582 778 ‘io
607 717 693 778 viduo
708 716 801 790 rodeli,
830 717 905 798 qood
919 719 948 778 οι·
963 721 995 778 io
1009 721 1105 778 aalma
1119 715 1183 788 eat',
1207 723 1286 796 patet
1308 716 1363 776 hae
1383 733 1452 777 sen-

311 816 403 878 tentia
435 811 508 878 nihil
536 815 614 876 aliud
642 814 700 876 nisi
723 833 829 877 novam
852 815 1056 878 sollicitudinis
1078 833 1194 876 oausam
1217 815 1357 877 adiectam
1380 832 1452 876 esse.

311 915 414 994 Neque
446 915 482 976 de
510 913 600 976 viduo
626 914 713 977 cubili
738 913 902 976 Deianiram
926 913 1060 976 laborare
1082 912 1193 984 decuit,
1221 913 1273 974 sed
1298 913 1335 975 de
1357 911 1454 972 mariti

311 1013 444 1075 absentie
475 1019 505 1074 et
527 1012 680 1094 periculis,
710 1021 744 1074 ut
770 1013 830 1074 iam
859 1013 1000 1075 membris
1030 1006 1232 1093 ἄνδρδετμ.
1256 1003 1328 1092 φέρ.
1352 1005 1453 1071 ridet

310 1133 381 1174 κακ.
405 1108 495 1174 δύστ.
518 1108 592 1173 έλτι.
621 1111 722 1174 αἶσαν
755 1111 864 1174 diserte
897 1120 943 1174 est
976 1110 1175 1173 enuntiatum.
1230 1109 1322 1170 Aliter
1354 1115 1451 1170 autem

309 1208 485 1293 ένθομέοις
500 1227 688 1291 nequaquam
710 1209 847 1291 explicari
870 1220 921 1272 aut
943 1209 1061 1272 delendi
1083 1214 1192 1288 potest.
1231 1207 1261 1269 Si
1284 1207 1351 1288 quis
1373 1207 1451 1268 euim

310 1309 414 1370 dixerit
436 1307 613 1392 ένθομέοις
638 1327 705 1372 oum
737 1304 819 1372 ὁδοῦ
848 1309 982 1371 iunctum
1011 1307 1139 1368 voluisse
1168 1311 1303 1387 poetam,
1331 1305 1360 1368 id
1390 1305 1452 1366 fieri

309 1427 397 1489 posse
413 1407 565 1470 Hermann
581 1416 662 1470 reete
678 1407 795 1488 negavit
810 1415 932 1488 propter
947 1425 1088 1468 numeros
1112 1407 1152 1468 ita
1175 1406 1205 1466 in
1229 1405 1350 1468 nomine
1371 1400 1452 1469 ὁδοῦ

309 1507 423 1580 finitos,
458 1515 492 1568 ut
524 1507 612 1568 etiam
646 1507 744 1568 hiatus
776 1525 896 1587 pausam
931 1507 992 1568 fieri
1025 1505 1131 1568 iubeat
1177 1505 1341 1568 Delendum
1362 1505 1453 1583 igitur

309 1605 411 1667 censui
434 1602 610 1687 ένθομέοις
643 1605 721 1685 quod
756 1605 899 1685 glossema
929 1601 1092 1686 ἐνθύμιον
1120 1605 1156 1668 ad
1184 1604 1369 1666 rarissimum
1398 1598 1452 1665 εὔ-

308 1719 453 1786 μναστον
468 1704 649 1785 adsoriptum
664 1704 758 1766 textui
773 1705 887 1768 illatum
903 1713 957 1766 est.
986 1704 1076 1766 Cuius
1092 1705 1157 1766 loeo
1179 1701 1221 1766 έν
1242 1703 1452 1784 νυκτέροις

307 1801 506 1882 supplendum
529 1821 594 1864 esse
617 1802 739 1864 conieci.
783 1803 856 1864 Cum
880 1802 960 1864 enim
983 1822 1027 1864 vv.
1044 1802 1094 1863 29.
1114 1801 1225 1884 148sq.
1244 1804 1302 1863 175
1311 1822 1356 1882 sq.
1378 1820 1452 1862 noo·

307 1909 429 1962 turnum
453 1908 572 1982 tempus
596 1900 693 1962 animo
716 1918 801 1962 ouras
824 1903 929 1962 allorre
945 1901 1068 1973 dicatur,
1090 1901 1122 1962 in
1144 1899 1201 1963 hoo
1223 1919 1343 1982 quoque
1364 1917 1449 1961 versu

307 1999 336 2061 id
359 2007 478 2079 tempus
502 1999 609 2061 diserte
632 1999 753 2061 iudicari
775 2007 903 2080 oportet.
941 2001 1101 2080 Compares
1124 1999 1282 2062 Dridianos
1305 2017 1407 2061 versus

655 2161 696 2171 -
719 2123 813 2186 tristis
837 2123 905 2197 eris,
930 2125 955 2186 si
977 2123 1058 2186 solus
1081 2123 1149 2197 eris,

406 2223 520 2286 tristior
540 2221 650 2284 ideireo
673 2241 732 2283 nox
755 2229 800 2285 est
822 2241 910 2303 quam
935 2223 1035 2284 nuhila
1058 2223 1178 2296 Phoebi,

407 2340 483 2401 quae
505 2321 614 2383 relevet
636 2322 733 2382 luctus
755 2322 840 2385 turba
864 2323 972 2384 sodalis
996 2321 1087 2384 abest.

305 2447 436 2524 eiusdem
460 2455 565 2526 poetae
587 2443 652 2506 Met.
670 2435 742 2518 Vlll,
760 2443 797 2508 81

405 2558 472 2620 talia
496 2557 606 2619 direnti
629 2575 805 2620 curarum
830 2559 983 2620 maxima
1006 2559 1131 2620 nutrix

405 2673 475 2718 nox
496 2657 663 2718 intervenit.

304 2781 422 2860 Vergilii
446 2783 554 2855 deul,
572 2782 634 2846 662

648 2895 714 2958 sub
737 2901 888 2958 nortem
912 2912 998 2958 eura
1014 2899 1198 2958 'recursat

303 3020 399 3100 Atque
421 3020 526 3082 eodem
547 3020 634 3099 plane
661 3020 750 3082 modo
772 3038 831 3100 quo
854 3019 988 3082 Deianira
1011 3028 1124 3082 maeret
1145 3019 1293 3100 Penelopa
1315 3019 1362 3085 illa
1385 3018 1446 3080 llo·

304 3117 423 3190 merioa,
446 3137 521 3198 quae
544 3126 589 3180 est
611 3119 695 3197 quasi
717 3118 870 3197 specimen
893 3126 982 3197 atque
998 3120 1146 3198 exemplar
1161 3137 1261 3182 aarum
1278 3117 1446 3190 mulierum,

303 3233 427 3294 quarum
452 3215 549 3278 mariti
571 3214 707 3278 absentes
729 3215 915 3280 retineantur
937 3216 1147 3297 aerumnisque
1169 3223 1345 3296 premantur
1366 3215 1445 3296 peri-

303 3313 421 3375 culosis.
459 3313 563 3394 dess.
581 3313 657 3388 XlX,
673 3313 806 3395 509sqq.

402 3432 514 3522 ἤματα
536 3438 597 3521 μὲν
618 3437 681 3522 γὰρ
701 3431 844 3520 τέρπομ’
867 3431 1062 3522 ὀδυρομένη,
1085 3433 1231 3517 γοόωσα,

402 3535 435 3610 ἔς
455 3533 485 3600 τ’
508 3535 573 3619 apd
594 3529 665 3620 ἔργ’
687 3528 819 3619 ὁρόωσα
841 3535 896 3598 καὶ
920 3528 1126 3620 ἀμφιπόλων
1147 3531 1197 3602 &vi
1220 3538 1313 3620 οἴκῳ.

402 3630 504 3718 αὐτὰρ
526 3633 611 3718 έπην
631 3633 691 3708 νύξ
713 3633 796 3717 ἔλθη
821 3633 913 3718 έλησέ
935 3657 970 3696 τε
992 3645 1101 3710 κοῖτος
1124 3629 1287 3710 ἅπαντας,

400 3743 544 3816 ’κεῖμαι
574 3731 636 3798 ἐνὶ
664 3731 825 3816 λέκτρῳ,
853 3734 1025 3796 πυκιναὶ
1053 3733 1096 3798 δέ
1121 3755 1191 3816 μοι
1220 3727 1444 3848 ἀμφἀἀδι-

400 3923 542 4012 δξεῖαι
569 3927 789 4012 μελεδῶνες
817 3926 1069 4013 ὀδυρομένην
1096 3851 1367 4012 δρέθδδδιῑέρ

300 4053 394 4114 Dione
416 4071 537 4134 quoque
559 4063 653 4116 mater
675 4055 820 4118 Venerem
844 4057 932 4117 liliam
962 4074 978 4116 a
1000 4054 1143 4116 Diomede
1165 4056 1347 4117 vulneratam
1370 4072 1442 4116 oon·
1472 4063 1475 4070 '

300 4151 392 4213 solata
407 4159 587 4213 nocturnum
604 4153 791 4232 potissimum
814 4162 932 4232 tempus
954 4153 1051 4213 luctus
1070 4153 1274 4232 plenissimam
1298 4152 1443 4232 praedicat

299 4249 406 4322 verbis,
429 4250 460 4310 ll.
476 4250 509 4322 V,
524 4269 569 4310 vv,
586 4249 648 4312 492
656 4270 732 4334 sqq,

399 4357 443 4443 μὴ
466 4358 527 4443 δην
553 4359 736 4439 Αἰγιάλεια
759 4363 931 4444 περίφρων
947 4355 1141 4444 Ἀδρηστίνη

399 4455 440 4530 ἐξ
460 4451 589 4522 ὕπνον
611 4456 776 4538 γοόωσα
798 4457 917 4540 φίλους
940 4458 1054 4542 οἰκῆας
1075 4456 1197 4542 ένεέρη,
