3268 5072
757 354 975 418 ..20-

296 527 390 590 alieno
413 529 477 591 loco
499 529 663 592 inseruisse
691 535 720 592 et
748 549 799 592 eos
829 530 879 610 qui
903 529 1022 610 Phrygis
1048 547 1205 609 personam
1235 539 1371 609 agerent,
1398 531 1435 592 cf.

294 627 792 710 sch01.od0rest.vv.tarteson-2
814 635 849 690 ut
872 629 1027 690 commode
1040 646 1095 709 per
1117 629 1228 692 ostium
1252 630 1331 692 foras
1355 629 1435 691 exire

295 726 337 788 eis
359 727 468 805 liceret,
489 735 550 788 tres
573 727 722 790 allicuisse
744 727 875 790 senarios
898 729 987 790 hosce

391 818 490 899 uitta,
514 833 633 888 κτυπεῖ
654 824 716 909 γὰρ
739 823 871 914 κλῇθρα
892 824 1073 908 βασιλείων
1095 823 1222 908 δόμων,

392 917 557 1004 σιγήσατ’,
580 919 643 994 ἔξω
665 919 727 1004 γάρ
749 946 799 998 τις
822 922 967 1006 ἐκβαίνει
991 924 1142 1004 Φρυγῶν,

392 1012 431 1084 οὗ
454 1018 675 1104 πεύσομεσθα
695 1017 757 1086 τᾶν
779 1018 897 1106 δόμοις
919 1017 1012 1097 ὅπως
1033 1021 1111 1104 ἔχει,

293 1139 384 1202 quum
406 1140 440 1184 ea
462 1139 539 1202 quae
561 1130 729 1203 sequuntur
750 1123 827 1184 clare
855 1131 886 1184 et
906 1123 1057 1184 evidenter
1081 1123 1238 1185 ostendant
1258 1123 1297 1184 de
1318 1139 1434 1184 summa

292 1221 371 1300 regia
393 1220 500 1301 Phrygi
522 1221 720 1284 desiliendum
747 1223 851 1284 fnisse.
897 1222 950 1284 cff.
972 1222 1149 1285 Valckenaer
1175 1222 1211 1284 ad
1230 1222 1300 1284 Eur.
1322 1221 1431 1284 Phoen.

292 1337 319 1381 v.
337 1319 428 1395 1266,
452 1320 555 1382 Cobeti
571 1339 665 1383 novae
679 1321 759 1386 lectt.
776 1341 826 1402 pp.
843 1320 904 1382 297
912 1341 976 1402 sqq.
1014 1323 1051 1382 Et
1065 1330 1169 1386 auctor
1184 1320 1351 1401 argumenti
1367 1321 1432 1383 eius

292 1419 414 1492 tabulae,
428 1420 475 1480 cui
486 1419 632 1482 Rhesus
648 1429 692 1482 est
705 1421 808 1482 titulus
822 1437 955 1501 quaeque
968 1421 1054 1500 vulgo
1066 1419 1198 1500 Euripidi
1211 1419 1283 1482 falso
1296 1418 1432 1482 attribui-

290 1526 348 1594 tur,
364 1521 416 1582 sed
431 1520 489 1581 iam
502 1520 537 1581 ab
550 1520 717 1583 Hermanno
730 1529 810 1583 recte
820 1519 1013 1594 abiudicetur,
1026 1521 1099 1581 duos
1110 1519 1201 1581 Rhesi
1212 1519 1349 1600 prologos
1361 1517 1433 1580 terri

290 1619 385 1694 docet,
409 1638 535 1700 quorum
558 1621 631 1684 alter
653 1621 688 1682 ad
712 1621 848 1701 pedestre
869 1619 1009 1700 loquendi
1031 1635 1124 1699 genus
1139 1619 1228 1698 plane
1250 1617 1432 1698 compositus

289 1733 388 1799 neque
410 1727 496 1798 poeta
519 1719 627 1798 dignus
654 1720 782 1782 fortasse
806 1719 841 1782 ab
863 1719 1059 1780 histrionibus
1083 1718 1235 1780 conlectus
1258 1717 1303 1778 sit
1349 1718 1432 1791 Quae

288 1817 332 1878 vel
356 1817 481 1880 maxime
503 1819 735 1899 comprobantur
757 1837 792 1880 eo
815 1819 895 1898 quod
918 1818 954 1880 de
975 1818 1107 1898 Lycurgo
1130 1823 1248 1878 oratore
1270 1815 1431 1878 memoriae

287 1916 438 1997 proditum
461 1924 515 1980 est.
561 1918 623 1980 lloc
645 1919 723 1982 enim
747 1925 879 1991 auctore,
902 1935 994 1997 quum
1017 1917 1133 1978 fabulae
1148 1915 1291 1996 Aeschyli,
1314 1914 1430 1994 Sopho-

288 2015 349 2088 clis,
370 2015 518 2098 Euripidis
541 2017 572 2078 in
595 2018 657 2080 dies
681 2018 716 2080 ab
739 2017 934 2080 histrionibus
957 2025 1238 2097 corrumperentur,
1265 2014 1431 2096 interpola·-

286 2121 401 2188 rontur,
416 2113 609 2178 Athenienses
626 2118 719 2196 legem
734 2123 905 2190 sanxerunt,
928 2121 978 2178 ‘at
999 2116 1149 2196 coemptor
1162 2134 1266 2178 earam
1283 2113 1431 2194 publicam

286 2218 317 2276 ιἰι
337 2215 482 2278 tabulario
504 2226 701 2280 asservaretur
733 2226 818 2296 ιιιρνο
851 2217 945 2278 scriba
974 2215 1104 2296 publicas
1125 2217 1340 2295 quotacunque
1361 2230 1432 2292 age-

285 2323 388 2378 rector
409 2326 539 2378 acturam
552 2319 728 2378 recitationes
751 2333 815 2375 cem
829 2315 921 2377 codice
935 2313 986 2376 illo
1001 2315 1145 2394 conferret
1151 2312 1168 2373 ².
1199 2313 1242 2375 cf.
1258 2311 1307 2374 vit
1326 2311 1427 2372 decem

287 2421 371 2476 oratt.
387 2431 416 2493 p.
433 2411 491 2474 841
501 2413 537 2474 F:
560 2411 618 2476 cdv
633 2411 670 2475 di
685 2413 759 2494 (scil.
774 2410 879 2495 νόμον
900 2403 1080 2494 εἰσήνεγκε)
1101 2407 1279 2490 argutaris
1301 2404 1430 2482 εἰκόνας

286 2507 467 2576 ἀναθεῖναι
495 2511 560 2574 τῶν
592 2512 740 2595 κινητῶν
771 2507 961 2592 Αἰσχύλου,
989 2506 1211 2594 Σοφοκλέους,
1242 2503 1429 2589 Εὐριπίδου

286 2609 342 2673 καὶ
368 2609 427 2684 τὰς
455 2608 641 2692 eporedias
663 2607 770 2675 αὐτῶν
798 2610 833 2676 ἐν
863 2609 964 2695 κοινῷ
990 2611 1225 2694 γραψαμένους
1251 2605 1429 2694 φυλάττειν

286 2707 343 2772 καὶ
364 2708 422 2773 τὸν
443 2709 501 2792 τῆς
523 2705 652 2783 πόλεως
679 2703 873 2794 γραμματέα
900 2705 1228 2792 παραναγιγνώσκοιν
1249 2714 1320 2782 τοῖς
1341 2701 1428 2770 ὕνιν·-

263 2871 267 2880 ,
286 2810 506 2892 κρννομένυις·
530 2804 589 2871 οὐκ
610 2806 732 2881 ἐξεῖναι
748 2809 810 2893 γὰρ
826 2805 926 2882 αὐτὰς
949 2803 1203 2891 ὑποκρίνεσθαι.
1226 2808 1270 2870 Gi.
1287 2808 1322 2868 0.
1337 2807 1428 2880 Korn,

286 2909 322 2970 de
342 2907 461 2988 publico
485 2909 619 2989 Aeschyli
642 2909 797 2990 Sophoclis
819 2907 969 2989 Euripidis
996 2907 1163 2971 fabularum
1186 2907 1347 2988 exemplari
1368 2906 1428 2986 Ly-

286 3023 374 3085 curgo
397 3014 519 3070 auctore
541 3008 688 3070 confecto.
732 3009 807 3070 Diss.
827 3009 925 3087 inaug.
942 3009 1026 3070 Bonn
1044 3007 1134 3070 1864.
1167 3007 1240 3070 llus
1256 3007 1340 3070 rhen.
1356 3023 1386 3066 n.
1402 3023 1426 3066 s.

287 3103 378 3181 1864,
400 3127 428 3187 p.
449 3107 591 3186 l3lsqq.‚
622 3107 780 3184 Wecklein,
803 3127 850 3170 ors
874 3107 966 3188 Soph.
990 3108 1106 3170 emend.
1129 3127 1158 3189 p.
1184 3108 1243 3169 155
1252 3125 1295 3186 sq.
1340 3106 1427 3168 Unde

285 3206 379 3286 colligi
403 3223 463 3268 non
486 3225 575 3288 posse
590 3215 679 3287 patet,
703 3207 917 3288 quodquidam
940 3205 1036 3287 colligi
1057 3207 1170 3285 volunt,
1193 3207 1225 3268 in
1247 3207 1305 3268 hoo
1327 3206 1427 3268 codice

284 3305 400 3385 publice
421 3305 532 3387 scripto
556 3305 735 3386 tragicorum
757 3305 924 3387 principum
953 3305 1065 3368 fabulas
1093 3307 1128 3368 ab
1150 3304 1426 3386 interpolationibus

284 3421 409 3485 prorsus
424 3405 532 3468 liberas
545 3405 702 3480 exstitisse,
726 3405 776 3467 sed
800 3411 917 3468 tantum
936 3404 966 3466 id
981 3405 1077 3486 colligi
1093 3404 1181 3468 debet
1196 3423 1295 3468 curam
1311 3404 1427 3484 pubhoe

283 3505 415 3567 habitam
439 3525 514 3578 esse,
538 3513 572 3567 ut
594 3523 683 3586 quam
698 3505 826 3567 maxime
847 3504 956 3568 liberae
978 3514 1078 3568 essent
1097 3523 1172 3568 neve
1194 3505 1322 3585 amplius
1344 3510 1426 3566 acto·

282 3621 351 3666 rum
373 3606 492 3668 fraudes
521 3605 760 3666 inmiscerentur.
805 3605 895 3666 Cuius
922 3603 965 3667 rei
993 3612 1167 3684 argumento
1197 3612 1255 3678 est,
1286 3603 1364 3685 quod
1387 3621 1426 3664 ne

285 3711 397 3766 vetares
432 3701 552 3782 quidem
579 3703 766 3765 Alexandrini
800 3702 894 3765 critici
926 3702 967 3766 illi
1000 3701 1175 3783 exemplari,
1209 3702 1289 3783 quod
1322 3707 1426 3782 postea

282 3801 486 3864 Alexandriam
502 3801 631 3864 delatum
647 3819 712 3863 esse
728 3801 839 3874 lerunt,
855 3802 892 3863 cf.
906 3801 1036 3864 Galenus
1051 3801 1082 3862 in
1094 3801 1233 3881 Hippocr.
1247 3801 1374 3882 epidem.
1386 3799 1425 3863 [ΙΙ

283 3908 440 3964 comment
466 3901 493 3962 ll
514 3919 543 3980 p.
567 3901 628 3962 607
652 3901 723 3962 edit.
746 3901 876 3974 lluehn,
905 3901 1014 3962 bonam
1043 3898 1211 3961 hahuerunt
1238 3899 1342 3974 fidem,
1372 3900 1425 3964 sed

283 4017 397 4074 versus,
429 3999 482 4079 qui
515 3999 644 4080 suspecti
679 4000 724 4061 vel
757 4000 799 4061 eis
832 3997 1007 4061 videbantur
1039 3998 1085 4058 vel
1106 4005 1192 4060 antea
1215 3997 1306 4060 habiti
1329 4009 1424 4074 erent,

283 4098 376 4162 obelis
397 4098 550 4162 notabant.
588 4099 630 4160 Cf.
646 4099 869 4161 scholiastarunr
892 4098 1120 4177 Euripideorum
1143 4098 1313 4160 testimonia
1335 4117 1425 4180 supra

283 4217 300 4261 a
323 4217 370 4261 me
392 4197 476 4261 allata
498 4207 527 4260 et
542 4200 772 4280 Sophocleorum
795 4199 832 4260 ad
848 4197 898 4260 Oc.
915 4217 941 4258 r.
959 4197 1030 4272 237,
1053 4197 1120 4260 Ant.
1136 4218 1162 4259 v.
1178 4199 1229 4271 45,
1250 4198 1293 4259 Ai.
1309 4217 1335 4259 r.
1352 4198 1422 4260 841.

368 4299 410 4360 El.
426 4316 470 4360 rr.
487 4298 599 4378 363sq.
630 4297 866 4378 Chrysothemidi
886 4297 982 4358 sorori
1004 4297 1149 4373 hortatae,
1171 4304 1205 4359 ut
1226 4298 1346 4359 tandem
1365 4297 1424 4360 ali-

283 4398 402 4476 qnando
427 4396 539 4459 desinat
561 4396 659 4458 animo
682 4396 863 4476 imprudenti
885 4405 996 4458 temere
1018 4415 1135 4458 morem
1161 4415 1278 4476 gerere,
1308 4398 1423 4459 Electra

281 4498 455 4580 respondet:
486 4515 560 4577 quae
584 4495 640 4558 sibi
664 4494 886 4576 exprobraverit
909 4515 1009 4569 soror,
1037 4496 1139 4559 matris
1163 4515 1244 4572 esse,
1274 4516 1340 4562 cum
1365 4515 1423 4578 qua
1496 4491 1501 4496 ’
