3266 5084
651 350 865 414 ..53„

186 529 257 590 m'cis
279 543 380 605 corpus
402 527 522 588 adiecisse
543 547 608 588 curn
631 529 736 589 civibus
757 547 793 589 ne
814 529 949 608 sepeliunt
970 548 1040 590 neue
1063 528 1207 609 defleant'.
1246 532 1327 604 Quae

132 673 156 690 .,
175 626 223 686 .de
245 645 298 688 sua
320 625 465 688 sententia
489 646 505 686 a
528 627 654 688 Creonte
677 627 873 690 enuntiantur
894 647 936 688 vv.
957 627 1087 708 teasqq.
1115 667 1120 676 ·

272 745 297 786 v.
323 723 393 788 138.
1041 795 1042 800 η

288 823 355 902 εἶχε
377 818 409 886 δ’
432 819 530 886 ἄλλαι
553 821 595 886 coi
616 824 700 907 (μέν)
724 821 808 887 ἄλλα
829 821 870 886 τὰ
892 818 925 886 δ’
948 819 1006 886 ἐπ’
1029 818 1143 896 ἄλλοις
1166 831 1221 886 etc.

188 939 220 1000 In
244 938 301 998 boc
322 938 507 998 emendando
530 957 616 1000 versu
633 937 718 1000 multi
741 945 769 999 et
791 937 811 998 ii
835 936 996 998 doctissimi
1012 955 1131 1016 operam
1149 955 1194 998 me
1210 939 1328 1016 quidem

188 1037 283 1098 iudice
308 1037 508 1117 nequidquam
532 1046 697 1118 posuerunt
718 1046 841 1117 propter
864 1037 941 1118 quod
965 1036 1155 1116 corruptione
1179 1057 1239 1098 uon
1262 1057 1328 1118 per-

189 1145 304 1216 specta,
336 1148 368 1198 ut
391 1137 547 1199 violentius
571 1159 645 1218 quae
668 1137 772 1199 tradita
796 1148 866 1199 sunt
889 1145 1052 1226 mutarent,
1083 1155 1098 1196 a
1121 1156 1151 1198 se
1174 1137 1331 1217 impetrare

189 1257 250 1301 non
273 1249 453 1320 potuerunt,
480 1242 530 1302 sed
563 1243 634 1304 satis
660 1241 828 1303 habuerunt
851 1241 947 1302 deleto
971 1241 1062 1302 attero
1085 1237 1126 1301 τά
1149 1259 1264 1302 versum
1289 1237 1331 1299 sic

156 1350 158 1356 ’
190 1339 390 1401 constituere:

191 1565 287 1645 Atque
309 1573 342 1626 ut
368 1565 585 1626 sententiarum
612 1565 717 1626 seriem
750 1583 908 1645 exponam,
939 1567 1047 1628 chorus
1079 1568 1172 1628 laetias
1202 1565 1330 1641 victoria,

192 1683 278 1744 quam
295 1663 427 1725 Thebani
443 1662 479 1724 ab
495 1663 607 1742 Argivis
624 1672 853 1742 reportaverant,
877 1683 996 1726 scenam
1013 1666 1162 1743 ingressus
1178 1683 1331 1743 oppugna·

191 1764 303 1824 tionem
327 1762 408 1823 urbis
431 1771 547 1824 enarrat
570 1783 613 1824 vv.
635 1763 691 1823 105
701 1782 776 1844 sqq,
800 1764 895 1843 pergit
916 1765 1082 1845 Capaneum
1105 1765 1210 1825 insano
1231 1765 1332 1824 surore

193 1862 420 1924 debacchantem
448 1869 478 1922 et
507 1861 769 1923 infestissimorum
790 1871 956 1924 ⁴uentorum
991 1865 1103 1944 impetu
1132 1866 1331 1925 incurrentem

193 1979 398 2042 repercussum
420 1979 485 2022 esse
508 1962 568 2023 ictu
592 1961 724 2023 fulminis
755 1961 973 2042 igniferumque
995 1963 1078 2024 iilum
1101 1965 1263 2028 interram
1286 1981 1333 2024 re·
1411 2004 1413 2010 -

194 2063 311 2122 iectum.
357 2059 432 2133 Quid
462 2067 524 2121 tum
554 2061 588 2120 ad
617 2061 693 2122 hanc
715 2061 867 2141 Capaneae
896 2062 985 2123 sortis
1013 2063 1231 2125 enarrationem
1260 2081 1333 2122 con-

195 2159 367 2220 dedendam
392 2159 495 2238 aptius,
519 2159 589 2239 quid
611 2159 785 2222 concinnius
807 2177 895 2240 quam
919 2161 1016 2240 pergi:
1040 2163 1137 2224 bueccc
1159 2161 1270 2243 quidem
1292 2165 1334 2222 dc

196 2277 223 2318 ee
245 2258 406 2320 babuerunt
427 2259 446 2318 i.
470 2277 495 2319 e.
520 2259 562 2320 sic
585 2269 618 2320 ut
640 2259 789 2322 enarravit
812 2259 920 2320 chorus
943 2277 969 2320 r.
989 2260 1050 2322 134

296 2364 460 2448 ἀντιτύπᾳ
483 2366 515 2432 δ’
538 2365 596 2432 ἐπὶ
618 2371 661 2449 γᾷ
683 2373 765 2433 πέσε
787 2369 1023 2444 venatuque.

197 2483 305 2562 Neque
322 2483 476 2562 quisquam
509 2484 565 2544 boc
594 2500 683 2544 sensu
713 2501 800 2562 quem
824 2485 951 2554 Roecbh,
976 2485 1107 2559 dindari,
1130 2485 1334 2547 Schneidewin

196 2591 364 2643 statuerunt
379 2582 554 2655 offendebat,
579 2599 758 2662 quamquam
776 2583 996 2662 nurtuaengter
1010 2585 1040 2645 in
1056 2585 1198 2665 Philologi
1213 2587 1273 2672 voi..
1287 2585 1334 2645 XV

196 2699 222 2762 p.
240 2682 296 2742 701
326 2682 407 2744 hunc
429 2703 444 2743 e
467 2681 563 2743 verbis
586 2681 702 2743 traditis
724 2681 788 2743 elici
811 2701 897 2762 posse
921 2683 985 2746 iure
1008 2684 1134 2763 negarit.

280 2781 382 2860 itaque
404 2799 538 2861 propono

298 2895 364 2972 εἶχε
387 2887 418 2955 δ’
443 2890 539 2956 οὕτω
563 2890 651 2956 τάδε
673 2895 745 2976 μέν,
769 2889 907 2956 datad
931 2890 986 2956 εἰτ’
1011 2891 1124 2968 ἄλλοις
1146 2929 1197 2954 --.

199 3006 311 3080 Quibus
333 3007 461 3088 receptis
483 3025 579 3086 neque
602 3007 658 3068 iam
684 3015 810 3068 metrum
841 3015 885 3068 est
907 3007 1032 3080 laesum,
1057 3008 1091 3069 ci.
1110 3028 1133 3069 v.
1151 3007 1278 3081 antistr„
1308 3016 1337 3068 et

197 3126 269 3186 quas
283 3106 395 3168 litteras
412 3107 449 3168 La
466 3107 552 3168 habet
567 3125 672 3178 erasas,
695 3108 749 3168 hae
764 3125 851 3186 quam
877 3107 1111 3186 probabilissime
1133 3117 1234 3170 erutae
1256 3116 1335 3168 sunt.

198 3205 326 3267 adnotat
356 3206 436 3266 enim
459 3205 587 3266 Dindorf
617 3206 652 3268 ad
676 3205 705 3266 h.
729 3224 770 3265 v.:
800 3207 875 3287 ιμέν
905 3227 920 3267 a
950 3226 1038 3268 manu
1070 3215 1130 3268 ant.
1154 3227 1208 3286 pro
1241 3208 1336 3270 littera

199 3307 293 3376 eluta,
322 3305 368 3365 cui
391 3303 465 3366 duae
492 3305 563 3366 aliae
586 3303 803 3386 superscriptae
826 3303 971 3366 suerunt’.
1017 3305 1074 3366 Sed
1098 3307 1130 3366 G.
1155 3307 1255 3382 Wolii,
1287 3307 1337 3387 qui

199 3417 227 3466 et
251 3405 313 3486 ipse
335 3404 443 3466 librum
468 3424 556 3466 manu
579 3405 722 3486 scriptum
739 3412 806 3486 post
821 3404 854 3466 H.
870 3403 1058 3466 huebnerum
1076 3405 1172 3466 denuo
1196 3407 1335 3468 contulit:

200 3503 254 3564 ‘La
289 3505 363 3566 nach
397 3504 463 3582 εἶχε
485 3497 515 3566 δ’
540 3496 640 3590 ἄλλαι
673 3499 714 3566 τά
749 3502 974 3584 urspruenglich
998 3501 1018 3565 d
1042 3503 1094 3564 mit
1116 3503 1174 3566 fast
1208 3505 1252 3566 bis
1286 3525 1338 3566 zur

199 3604 276 3665 Zeile
298 3605 463 3682 gehendem
492 3603 624 3666 rechtem
651 3601 887 3664 Grundstriche'.
932 3601 988 3676 Qui
1018 3621 1085 3664 vero
1113 3603 1191 3684 quod
1220 3623 1254 3664 ex
1284 3605 1339 3666 bac

201 3711 268 3764 nota
293 3698 365 3774 διός
388 3701 477 3773 cruit,
506 3703 698 3764 vehementer
726 3701 785 3763 salli
814 3701 887 3762 mihi
911 3701 1035 3764 videtur.
1080 3701 1169 3764 Multo
1193 3703 1270 3764 enim
1294 3708 1338 3766 fa-

200 3803 283 3862 cilius
307 3809 407 3862 notam
430 3821 465 3862 ex
487 3798 524 3862 δέ
546 3808 640 3861 ortam
665 3819 730 3862 csse
753 3801 904 3864 concedes.
951 3802 1046 3882 Atque
1069 3801 1144 3862 hanc
1166 3802 1337 3882 particulam

200 3902 231 3962 in
255 3901 434 3962 membranis
457 3901 503 3961 tna
526 3909 596 3961 ncta
620 3901 757 3980 scriptam
780 3900 873 3962 fuisse
903 3899 998 3980 quivis
1022 3901 1136 3964 codices
1167 3902 1211 3962 vel
1234 3922 1338 3964 eorum

201 4001 341 4080 imagines
363 3999 439 4081 typis
463 4000 622 4078 exscriptas
644 3999 769 4060 intuitus
791 3999 936 4077 cognovit.
974 3999 1049 4060 Tum
1073 3999 1201 4074 lineolas,
1224 4022 1296 4082 quas
1320 3999 1341 4065 d

202 4099 415 4182 superscriptas
439 4117 502 4160 csse
524 4099 672 4177 referunt,
701 4117 754 4178 pro
780 4107 902 4160 accentu
929 4105 958 4159 et
985 4099 1166 4178 apostrophe
1190 4099 1339 4164 habendae

201 4208 282 4264 sunt.
327 4197 475 4260 Sicenim
499 4197 714 4259 iutuemur
741 4197 884 4277 scriptum
907 4197 976 4269 tuit,
1007 4216 1066 4276 quo
1094 4215 1177 4258 craso
1199 4210 1339 4263 accentus

203 4306 374 4380 supersunt,
396 4297 432 4358 ci.
449 4296 534 4356 Dind.
551 4296 618 4358 edit.
634 4297 728 4358 Onon.
746 4297 792 4358 ΙΙΙ.
840 4293 989 4357 Librarius
1017 4295 1095 4356 enim
1122 4306 1278 4377 postquam
1303 4297 1340 4361 δέ

203 4400 326 4478 scripsit,
351 4395 476 4457 vocalem
501 4417 516 4455 ε
537 4395 567 4456 in
590 4393 628 4456 da
649 4404 770 4474 propter
785 4391 881 4468 ἄλλα,
905 4396 984 4474 quod
999 4395 1141 4455 continuo
1158 4395 1182 4456 ei
1198 4397 1339 4459 adiunxee

205 4506 258 4571 rat,
282 4496 448 4558 elidendum
473 4513 538 4555 esse
562 4494 633 4556 vidit
656 4495 685 4555 in
702 4494 875 4573 corrigendo
899 4493 972 4555 libro
989 4513 1079 4555 manu
1099 4493 1217 4575 scripto,
1241 4505 1339 4556 tarnen
