3266 5084
684 347 813 432 ..'q5
864 402 900 412 -

320 541 392 626 ξένη
415 541 512 616 ξένων
533 542 595 625 γὰρ
618 536 694 628 ᾖξεν
716 534 774 624 ἥδε
796 563 847 616 τις
869 537 995 614 στάσις.

218 641 351 704 Primum
381 638 497 716 στάσις
522 663 579 724 pro
609 641 709 727 βάσις
732 643 858 724 scripsit,
885 642 964 722 quod
987 641 1089 704 eadem
1112 641 1186 702 haec
1208 635 1306 720 βάσις
1328 641 1360 702 iu

219 738 413 818 sequentibus
436 736 574 825 άψοωον
595 745 697 827 βάσιν
718 747 831 829 φέρειν
853 741 968 803 σίτοισι·
991 747 1021 801 et
1043 739 1123 820 quod
1146 739 1302 801 scholiasta
1324 739 1360 800 ad

219 837 299 898 hunc
326 856 444 900 versum
472 835 650 928 ἄθροισμα
681 845 779 918 ξένων
805 835 935 922 ἀνδρῶν
961 837 1054 899 etad
1080 857 1105 898 v.
1122 835 1184 900 965
1212 835 1279 900 ποῦ
1305 833 1361 898 καὶ

219 934 313 1016 φέρει
342 930 442 999 αὐτὸν
471 934 489 1001 ὁ
516 935 633 1023 ὅμιλος
659 940 855 1025 explicaverit.
899 937 938 998 ht
970 932 1085 1009 στάσις
1111 937 1147 998 de
1182 953 1362 1016 quoeunque

219 1033 373 1096 hominum
396 1043 483 1100 coetu
498 1039 610 1104 dictum
635 1061 696 1104 non
717 1050 763 1104 est
777 1057 874 1118 neque
888 1043 1011 1116 propter
1026 1035 1090 1098 eius
1107 1035 1165 1096 vim
1181 1034 1238 1096 dici
1252 1043 1361 1114 potest.

219 1132 271 1193 Est
305 1133 384 1194 enim
418 1137 550 1210 statio,
584 1149 701 1204 status
728 1147 757 1201 et
785 1137 889 1200 tralato
918 1133 1031 1196 dictum
1061 1132 1212 1210 seditio,
1242 1131 1361 1194 dissi-

219 1231 316 1292 dium
344 1240 409 1306 cet,
438 1253 512 1314 quae
541 1238 611 1300 huic
637 1241 702 1302 loco
730 1233 878 1299 adversari
908 1240 998 1314 patet.
1044 1231 1120 1292 Tum
1150 1251 1175 1292 v.
1192 1229 1254 1292 967
1276 1249 1363 1310 prae·

219 1328 358 1392 dicationi
391 1327 530 1416 άψοφον
559 1337 652 1418 φέρει
675 1332 776 1417 βάσιν
797 1333 963 1396 subiectum
990 1346 1051 1391 non
1083 1329 1143 1392 iam
1178 1337 1223 1390 est
1252 1349 1278 1390 r.
1299 1329 1362 1390 964

218 1424 330 1506 βάσις,
352 1429 404 1490 sed
427 1450 463 1492 ex
487 1429 586 1504 ξένων
600 1431 700 1515 βάσις
714 1431 877 1496 rectissime
900 1449 915 1492 a
937 1427 1094 1490 scholiasta
1121 1428 1289 1508 suppletum
1319 1437 1364 1490 est

220 1525 308 1587 latius
340 1538 446 1606 patens
480 1526 656 1614 ἄθροισμα
686 1533 732 1594 vel
760 1531 855 1594 simile
885 1529 1033 1608 quoddam
1063 1526 1219 1589 bominum
1242 1533 1361 1588 coetum

220 1623 388 1704 designans.
433 1627 553 1690 Reiecto
584 1639 685 1694 autem
715 1629 836 1692 nomine
865 1623 980 1699 στάσις
1008 1625 1145 1706 explicari
1171 1633 1363 1704 conpotem,

221 1741 278 1802 qua
300 1724 415 1787 ratione
438 1719 555 1808 ὅμιλος
576 1738 682 1808 poetae
704 1728 801 1790 verbis
824 1727 938 1788 illatum
954 1725 1001 1786 sit.
1031 1716 1128 1804 Atque
1144 1721 1230 1795 ξένοι
1246 1729 1364 1804 praeter

220 1819 399 1886 Meinelium
432 1844 537 1888 omnes
570 1847 638 1889 cum
667 1827 807 1890 Triclinia
841 1845 877 1887 ex
911 1823 1105 1904 dittographia
1139 1820 1237 1894 ξένων
1264 1827 1363 1882 ortum

221 1919 408 1994 deleverunt„
447 1923 667 2006 Relinquuntur
694 1925 785 2006 igitur
815 1923 902 1985 verba
929 1943 945 1985 a
968 1941 1016 1984 me
1043 1921 1076 1983 in
1103 1920 1247 2000 principio
1275 1919 1363 1980 huius

222 2017 488 2098 disputatiunculae
521 2025 619 2085 citata.
673 2025 707 2085 ln
750 2023 857 2104 quihus
893 2029 985 2083 restat
1022 2019 1118 2081 solum
1156 2019 1362 2098 inexplicatum

221 2112 383 2198 ἓξόμιλος.
428 2121 513 2194 Quod
538 2141 573 2182 ex
595 2108 651 2210 ᾖξ’
675 2119 824 2204 ὄμηλος
850 2130 950 2184 ortum
973 2139 1039 2182 esse
1062 2117 1174 2179 conicio
1198 2136 1213 2178 a
1235 2115 1363 2186 librario,

222 2234 315 2294 quum
330 2219 589 2282 transcribendum
605 2228 668 2282 erat
683 2218 900 2286 θΙΞΟΜΘΛ
907 2221 937 2281 Y
939 2217 974 2292 C,
991 2219 1022 2279 in
1039 2213 1190 2296 ἕξόμιλος
1206 2221 1364 2276 mutatum.

221 2313 283 2374 lam
307 2315 403 2378 verbis
428 2311 527 2389 ξένων
544 2316 645 2399 βάσις
661 2338 714 2381 sua
736 2318 888 2381 attributio
910 2311 1031 2399 ὅμηλυς
1060 2325 1091 2377 et
1111 2334 1165 2376 sua
1187 2313 1365 2394 praedicatio

222 2397 278 2500 ᾖξε
308 2415 420 2478 reddita
448 2425 501 2478 est.
552 2400 711 2498 Aptissima
746 2417 827 2479 enim
860 2417 894 2477 fit
927 2415 1092 2476 sententia:
1130 2413 1367 2492 ίΡοιόμοιίοοιόιω

223 2516 355 2574 comitum
369 2517 512 2596 inpressas
526 2514 784 2598 appropr'nquuoit'.
808 2507 961 2596 Ὄμηλος,
979 2513 1059 2594 qnod
1073 2520 1118 2574 est
1132 2511 1209 2592 apud
1225 2511 1366 2573 Nonnum

224 2618 253 2670 et
279 2613 440 2674 formatum
474 2623 507 2674 nt
540 2611 662 2696 ἔπηλυς
690 2615 807 2692 vulgare
841 2620 932 2694 atque
960 2611 1151 2675 notissimum
1186 2609 1365 2671 Graecorum

224 2708 400 2772 vocabulum
424 2711 501 2792 apnd
525 2713 718 2786 Herodotum,
739 2712 951 2792 Thucydidem,
979 2712 1143 2782 Platonem,
1176 2717 1276 2788 poetas
1304 2717 1367 2768 tra-

224 2808 303 2888 gicos
319 2817 384 2880 etc,
401 2808 514 2892 νέηλος
529 2812 616 2874 llom.
632 2812 664 2873 ll.
681 2811 716 2886 X,
733 2810 805 2884 434,
821 2811 894 2886 558,
910 2810 1018 2872 Herod.
1035 2811 1057 2880 l,
1075 2809 1145 2883 118,
1168 2807 1239 2868 Plat.
1256 2807 1311 2884 leg.
1327 2807 1367 2867 lX

224 2926 252 2986 p.
270 2905 367 2968 8799
383 2917 449 2980 cet,
472 2927 527 2989 per
548 2910 700 2990 enallagen
723 2929 812 2990 quam
828 2917 934 2972 vocant
956 2908 1168 2972 attributorum
1185 2925 1252 2966 eum
1268 2900 1368 2984 βάσις

224 3006 417 3068 coniunctum
441 3016 504 3081 est,
520 3027 613 3088 quum
628 3027 682 3090 per
697 3010 875 3072 sententiam
897 3009 933 3070 ad
957 3006 1058 3079 ξένων
1078 3005 1234 3086 pertineat.
1264 3003 1368 3083 Neque

225 3105 359 3176 Nonnus,
383 3114 415 3166 ut
438 3106 471 3167 R.
494 3107 674 3170 Schneidero
696 3107 823 3180 videtur,
853 3106 960 3178 obstat,
983 3105 1144 3186 quommus
1171 3103 1218 3165 hic
1245 3096 1369 3184 ὅμηλος

225 3221 241 3262 a
265 3202 410 3282 Sophocle
438 3213 614 3284 usurpatum
644 3227 710 3268 esse
739 3216 889 3287 putemus.
935 3205 1009 3267 Nam
1040 3223 1108 3265 cum
1138 3220 1242 3264 omnes
1266 3202 1369 3263 Graeci

226 3307 330 3380 poetae
353 3308 420 3379 post
435 3301 597 3366 Homerum
622 3325 657 3366 ex
671 3323 707 3366 eo
724 3305 789 3384 plus
805 3305 941 3366 minusve
963 3323 1010 3364 res
1026 3314 1055 3364 et
1070 3302 1158 3364 verba
1174 3299 1369 3380 sumpserint,

226 3408 288 3460 turn
312 3398 489 3478 posteriores
513 3419 607 3481 usque
630 3403 665 3464 ad
681 3411 812 3464 extrema
828 3401 1001 3464 Graecitatis
1016 3409 1151 3480 tempora
1167 3398 1368 3478 antiquiorum

226 3497 311 3558 verba
333 3506 487 3577 poetarum
512 3499 704 3579 usurpabant,
727 3502 765 3562 cl.
787 3500 960 3580 hathulogia
983 3518 1095 3579 graeca,
1118 3506 1152 3560 ut
1175 3497 1284 3559 mhum
1308 3513 1369 3558 noo

226 3595 290 3674 sit„
307 3604 425 3675 poetam
460 3597 505 3657 vel
538 3597 633 3675 quinti
661 3605 729 3678 post
756 3600 817 3660 chr.
842 3616 871 3661 n.
903 3599 1012 3661 saeculi
1042 3597 1182 3659 vocabulo
1213 3595 1369 3675 Sophoclis

226 3695 351 3758 aliorum
373 3693 566 3756 similitudine
595 3705 675 3757 reete
698 3698 824 3758 formato
847 3715 936 3759 usum
959 3717 1033 3759 esse.
1078 3696 1171 3758 blulto
1198 3695 1288 3774 magis
1312 3695 1369 3756 mi-

226 3793 352 3854 randum
375 3801 461 3867 esset,
488 3794 512 3855 si
535 3795 660 3856 Nonnus
683 3815 717 3856 ex
739 3815 792 3857 sua
815 3796 961 3857 sermonis
985 3796 1088 3858 Graeci
1118 3794 1200 3874 copia
1230 3793 1260 3854 id
1284 3813 1369 3856 crea-

227 3891 324 3953 visset.

312 3990 385 4052 Phil.
409 4009 453 4051 vv.
473 3989 635 4052 159-161
661 3991 780 4053 delendi
802 4010 868 4053 esse
891 3992 963 4053 mihi
986 3992 1131 4064 videntur,

329 4086 425 4150 ΝΘΟ.
472 4088 566 4150 οἶκον
591 4086 651 4169 μὲν
676 4085 755 4170 ὁρᾷς
780 4082 871 4152 τάνδ’
895 4085 1091 4172 ἀμφίθυρον

471 4189 626 4270 πετρίνης
645 4190 766 4271 κοίτης.

329 4289 402 4348 XO.
472 4283 540 4348 ποῦ
565 4284 627 4368 γάρ
654 4282 671 4349 ὁ
697 4281 831 4369 τλάμων
856 4282 955 4360 αὐτὸς
980 4282 1138 4364 άπεστινς

228 4385 315 4458 Quod
354 4393 387 4444 nt
422 4383 639 4457 ‹lemonstrem,
675 4385 772 4464 paullo
809 4385 927 4465 plenius
960 4387 1108 4448 sententia
1143 4406 1281 4450 versuum
1319 4389 1370 4468 qui

228 4483 411 4564 praecedunt
433 4483 601 4563 explicanda
626 4483 696 4545 mihi
718 4485 842 4548 videtur.
