3266 5084
734 274 950 337 ..qq-

360 473 386 512 v.
411 452 482 513 846.
528 451 688 530 Postquam
720 451 821 530 Hyllus
855 450 931 512 filius
959 451 1047 512 matri
1075 451 1201 512 maxime
1227 449 1417 531 perturbatae

208 585 210 591 ·
275 559 305 612 et
327 550 413 612 tacite
435 549 557 612 abeunti
580 567 664 612 saeva
687 567 753 610 cum
770 549 864 611 ironia
885 549 988 610 eadem
1004 550 1125 630 optavit,
1147 568 1223 629 quae
1247 548 1322 629 petri
1336 549 1417 610 dono

275 649 398 722 dederit,
422 648 529 710 chorus
552 667 626 728 quae
653 647 686 708 in
709 648 798 710 sortis
828 648 934 711 tabella
957 649 1067 728 scripta
1089 659 1172 710 erant
1194 667 1263 710 cum
1285 647 1418 709 Herculis

275 747 386 826 aegroti
408 747 576 808 conditione
598 754 760 826 comparat.
798 748 931 821 Quarum
954 766 1055 810 rerum
1079 747 1256 822 miserrima,
1279 747 1320 808 ita
1337 746 1416 808 enim

274 846 407 928 pergitur
429 845 519 906 altera
541 845 672 924 stropha,
694 845 741 906 illa
765 845 853 907 sortis
876 847 964 908 rerba
986 863 1048 906 non
1070 845 1225 918 intellexit,
1255 845 1327 907 haec
1349 863 1418 908 vero

275 943 360 1007 Nessi
391 944 466 1004 dona
493 962 526 1004 ex
554 943 648 1004 aliena
677 954 776 1004 mente
802 944 933 1024 prolecta
961 961 1026 1006 esse
1047 942 1217 1023 pernicioso
1240 942 1418 1006 commercio

276 1062 338 1106 non
360 1041 470 1104 didicit.
513 1040 627 1115 Quibus
649 1041 780 1104 additur:

376 1147 396 1236 ἧ
419 1171 487 1215 κοο
508 1147 588 1214 otoo
610 1152 725 1216 στένει.

277 1267 404 1328 Verbum
436 1265 542 1327 στένει
570 1283 749 1344 quamquam
782 1284 872 1328 sensu
900 1265 1086 1346 aptissimum
1115 1273 1215 1326 tamen
1246 1252 1419 1344 corruptum

277 1383 340 1427 esse
364 1364 451 1425 metri
471 1363 589 1424 ratione
610 1363 763 1442 probatur.
808 1365 881 1425 Nam
904 1373 934 1426 et
956 1383 1059 1426 versus
1087 1364 1320 1446 antistropbicus

377 1469 399 1534 ά
420 1467 493 1536 τότε
515 1467 609 1536 θοάν
630 1469 763 1556 νύμφαν

278 1595 307 1650 et
330 1587 388 1648 duo
412 1587 463 1667 qui
485 1585 634 1648 subiuncti
656 1595 726 1648 sunt
749 1604 851 1649 versus

378 1692 399 1780 ἦ
421 1717 488 1760 που
510 1694 634 1760 άδινιῖιν
656 1695 785 1780 χλωρὰν

378 1797 483 1877 τέγγει
507 1791 657 1878 δακρύων
679 1792 793 1874 ἄχναν,

279 1907 326 1970 cui
348 1898 531 1989 respondent

307 2103 310 2119 ,
381 2015 501 2098 ἄγαγες
525 2013 585 2082 ἄττ’
608 2017 765 2094 αἰπεινᾶς
824 2015 825 2022 ¹

380 2113 474 2181 τάνδ’
501 2116 662 2198 Οἰχαλίας
684 2117 789 2200 αἰχμᾷ

281 2251 491 2312 demonstrant
513 2267 568 2328 pro
588 2249 687 2312 iambo
710 2248 817 2311 στένει
840 2249 1007 2328 spondeum
1030 2249 1150 2328 requiri.
1188 2249 1226 2310 Et
1248 2253 1310 2313 erat
1331 2266 1423 2326 quum

281 2349 424 2426 glossema
460 2347 573 2410 babens
606 2347 714 2408 στένει
746 2347 823 2408 aliud
857 2347 1041 2410 lamentandi
1074 2347 1194 2410 verbum
1223 2347 1304 2410 velut
1329 2341 1424 2428 μύζει

281 2445 504 2518 substituerem,
537 2445 573 2506 cl.
602 2445 706 2508 resch.
735 2446 821 2508 Eum.
852 2447 985 2508 culli.
1006 2445 1074 2508 189.
1124 2446 1182 2508 Sed
1217 2453 1250 2508 ut
1283 2441 1425 2516 στάζει

281 2543 470 2624 praeferrem,
494 2543 585 2604 movit
607 2563 653 2605 me
675 2543 830 2606 scholiasta
846 2544 930 2606 Laur.
955 2545 1103 2624 explicans
1125 2545 1161 2605 ad
1179 2564 1205 2605 v.
1222 2541 1299 2605 848:
1323 2539 1426 2614 ὄντως

281 2636 366 2724 δὴή
394 2636 503 2702 detta
531 2637 773 2714 καταστάζει
801 2641 857 2702 καὶ
886 2645 1080 2726 καταβρέχει
1114 2639 1247 2704 πολλάν
1274 2634 1426 2722 δακρύων

282 2735 397 2821 ἀφρόν.
443 2739 602 2801 Coniunxit
624 2739 713 2819 igitur
735 2739 870 2814 verbum,
905 2739 985 2820 quod
1018 2759 1073 2820 per
1105 2735 1302 2810 καταστάζει
1333 2739 1425 2818 expli-

283 2839 366 2912 carit,
389 2855 457 2899 cum
479 2837 515 2898 lis
537 2853 613 2918 quae
636 2847 812 2919 sequuntur.
851 2839 937 2912 Quod
961 2839 1057 2900 solum
1082 2855 1148 2900 esse
1163 2845 1263 2918 potest
1283 2831 1425 2909 στάζειν.

282 2937 375 2998 Notus
398 2935 477 2996 enim
500 2943 545 2996 est
566 2953 639 2997 usus
661 2936 817 2999 verborum
841 2935 1018 3016 simplicium
1041 2937 1118 3017 apud
1140 2944 1244 3016 poetas
1264 2953 1319 3016 pro
1343 2951 1426 2997 com-

282 3036 387 3116 positis
409 3052 517 3113 prosae
537 3035 692 3096 orationis.
737 3027 987 3106 crudescentem
1010 3021 1164 3097 transitive
1179 3035 1288 3097 dictum
1304 3053 1425 3097 sexcen-

282 3135 321 3194 tis
344 3129 414 3194 locis
437 3131 598 3204 invenitur,
621 3139 655 3193 ut
677 3133 809 3212 exempla
832 3133 939 3194 afferre
960 3149 1211 3214 supervacaneum
1235 3133 1282 3194 sit.

368 3249 411 3291 vv.
438 3227 498 3291 854
516 3245 581 3310 sqq.
631 3229 770 3292 Eiusdem
788 3231 943 3292 carminis
977 3231 1161 3310 antistropha
1195 3231 1285 3292 altera
1318 3231 1426 3292 chorus

284 3333 322 3392 ob
346 3329 577 3392 misericordiam
601 3330 690 3391 sortis
712 3329 872 3392 Heracleae
893 3331 1028 3393 lacrimas
1050 3341 1154 3393 tenere
1176 3349 1236 3392 non
1260 3337 1369 3410 potest,

386 3451 526 3536 ἔρρωγεν
548 3449 642 3529 παγά
664 3445 815 3535 δακρύων

385 3557 517 3632 κέχυται
539 3548 646 3628 νόσος,
669 3545 695 3614 ὦ
716 3547 835 3625 πόποι,
858 3545 930 3616 οἷον

385 3647 553 3734 άναρσίων
575 3643 668 3712 ούιτω
685 3645 881 3728 ἀγακλειτὸν
900 3649 1098 3736 Ἡρακλέους

385 3745 546 3830 έπέμολεν
568 3743 683 3820 πάθος
706 3748 861 3810 οἰκτίσαι.

288 3880 366 3942 Haec
388 3898 484 3959 neque
506 3878 689 3958 respondent
711 3879 843 3942 versibus
866 3881 1025 3962 stropbicis
1048 3881 1109 3942 842
1125 3900 1189 3963 sqq.

387 3981 437 4053 ὧν
453 3982 509 4054 ἅδ’
532 3984 554 4050 ά
575 3984 708 4070 τλάμων
730 3986 850 4054 ἄοκνον

386 4084 532 4170 μεγάλαν
553 4088 753 4172 προσορῶσα
776 4085 893 4172 δόμοις
916 4085 1045 4170 βλάβαν

386 4187 469 4248 νέων
491 4180 673 4250 ἆισούντων
695 4184 810 4268 γάμων
832 4186 875 4248 τά
895 4185 955 4268 μὲν
978 4185 1016 4250 ού
1038 4211 1070 4250 τι

388 4283 606 4366 προσέβαλεν,
629 4284 670 4347 ’τά
691 4281 724 4347 δ’
748 4280 807 4346 ἄττ’
830 4281 1002 4369 dulceque
1023 4321 1067 4332 -

288 4415 386 4478 neque
408 4397 599 4478 grammatice
621 4404 700 4458 recta
723 4405 805 4459 sunt.
