3268 5072
772 319 991 400 ,¹18-

317 527 383 570 sum
406 528 471 570 esse
492 508 681 570 notissimum
704 518 758 571 est.
804 511 839 572 01,
857 511 1003 574 Gleditsch
1019 513 1053 574 ad
1070 513 1146 575 Aiac.
1164 533 1190 574 0.
1210 513 1289 576 1191
1307 517 1338 576 10
1354 535 1451 597 progr.

316 625 414 688 gymn.
430 608 558 669 Berolin.
578 605 667 681 1867,
682 627 711 688 p.
725 607 754 669 8.

399 741 442 750 -
456 725 498 768 00.
517 706 734 770 1993-1939.
765 708 876 770 llinimi
891 709 1026 790 equidem
1042 711 1116 772 lacio
1132 709 1279 774 levitatem
1296 713 1450 775 hominum

316 805 482 868 criticorum
504 806 536 867 in
558 806 717 887 scriptores
740 817 852 869 0010000
885 809 1082 887 grassantium
1114 817 1144 870 01
1176 819 1252 891 10100
1287 813 1451 874 carminum

259 967 261 974 ,
315 914 414 985 000100
437 905 608 978 dolentium,
631 907 682 968 sed
705 923 859 986 nunquam
882 926 898 968 a
921 925 969 968 me
990 908 1149 988 impetrare
1172 909 1263 990 potui,
1286 919 1320 972 ut
1335 911 1452 991 Sopho-

316 1005 389 1066 clem
412 1005 467 1066 bos
490 1021 591 1068 000000
614 1005 899 1086 scripsissepatem.
945 1007 1040 1087 Atque
1069 1007 1128 1068 iam
1150 1007 1295 1070 Morstadt
1316 1029 1342 1070 0.
1365 1029 1450 1092 saga-

316 1103 451 1164 cissimus
494 1104 524 1166 iu
567 1121 666 1184 progr.
702 1121 801 1184 gymu.
838 1105 1062 1168 Schallhausen.
1090 1125 1115 1168 0.
1143 1105 1224 1169 1863
1251 1127 1280 1188 p.
1305 1109 1395 1191 3900.
1418 1123 1452 1174 01

315 1221 357 1264 00.
384 1201 549 1264 tots-39
572 1203 688 1264 delendi
711 1221 775 1266 esse
795 1203 952 1266 uideantur
973 1205 1104 1285 perfecit
1143 1205 1256 1279 Quibus
1279 1209 1380 1271 deletis
1402 1221 1450 1272 re-

315 1309 393 1363 stant
415 1321 461 1364 00.
480 1301 699 1364 1993--1927
728 1321 788 1364 non
812 1303 909 1366 minus
937 1303 1029 1384 inepti
1051 1321 1148 1386 00000
1172 1315 1257 1386 poeta
1279 1308 1359 1387 digni
1381 1327 1451 1372 000-

314 1401 493 1463 1001110001
527 1401 670 1463 00011000.
715 1401 800 1475 9001
828 1402 965 1464 brevibus
999 1422 1064 1466 suar
1098 1405 1294 1485 expositurus.
1338 1407 1452 1488 Teucer

313 1501 396 1562 enim
426 1499 470 1561 his
498 1501 629 1562 versibus
657 1503 802 1580 postulat,
834 1510 867 1563 01
890 1502 982 1564 Aiacis
1012 1521 1118 1583 corpus
1140 1523 1156 1564 0
1178 1504 1336 1568 Tecmessa
1364 1507 1449 1586 pallio

315 1599 487 1662 obvolutum
508 1599 679 1678 detegatur,
708 1619 766 1680 quo
789 1601 952 1681 impetrato
969 1619 1021 1680 par
1043 1610 1133 1663 totam
1158 1621 1298 1666 versuum
1320 1623 1450 1685 sequen-

312 1699 388 1760 tium
412 1698 519 1778 seriem
549 1717 581 1759 ea
603 1699 790 1779 potissimum
824 1700 1010 1762 incommoda
1043 1701 1192 1780 queritur,
1224 1721 1299 1782 0000
1331 1713 1449 1764 mortuo

314 1797 397 1858 Aiace
420 1795 476 1872 sibi
497 1797 681 1859 immineant.
717 1801 754 1860 At
776 1807 888 1878 quanto
905 1799 1058 1861 honestius
1081 1819 1114 1861 ac
1128 1799 1279 1862 decentius
1294 1802 1449 1864 Tecmessa

314 1897 423 1958 coniux
444 1895 539 1958 Aiacis
567 1915 611 1956 vv.
632 1895 763 1977 915000.
799 1906 949 1960 mortuum
984 1899 1122 1960 maritum
1155 1900 1332 1961 vestimento
1364 1901 1449 1971 00101,

314 2001 483 2075 00000010
513 1996 697 2058 horrendum
726 1996 821 2058 rideat
850 1998 1022 2077 adspectum
1050 2006 1080 2058 01
1108 2017 1153 2058 00.
1178 1997 1310 2079 961000.
1331 1998 1449 2062 Aiacem

313 2094 432 2156 beatum
455 2094 610 2174 praedicat,
634 2095 712 2175 quod
735 2102 871 2156 mortuus
894 2096 941 2169 011,
965 2095 1097 2176 quamvis
1113 2097 1203 2158 multa
1227 2095 1283 2158 sibi
1305 2097 1379 2159 mala
1401 2117 1449 2160 re-

313 2183 439 2272 liquerit.
483 2191 543 2254 lam
571 2211 640 2255 vero
661 2193 768 2256 Teucri
796 2211 904 2268 mores,
938 2211 1026 2274 quem
1059 2196 1181 2256 fratrem
1203 2195 1298 2258 Aiacis
1321 2214 1449 2275 000000-

314 2291 465 2352 sissimum
488 2291 571 2354 tinxit
593 2299 694 2372 poeta,
723 2291 768 2354 his
791 2292 921 2354 versibus
943 2291 1114 2372 pravissime
1136 2293 1348 2357 deformantur.
1393 2297 1449 2369 Qui

313 2399 375 2450 tota
397 2389 495 2451 tabula
516 2391 640 2452 fratrem
663 2391 790 2452 maxime
813 2391 895 2470 pium
926 2410 959 2452 se
987 2391 1110 2471 praebet
1137 2400 1166 2453 et
1194 2392 1244 2473 qui
1266 2394 1389 2456 minime
1412 2397 1448 2456 de

312 2489 397 2550 malis
424 2488 480 2549 sibi
507 2488 748 2570 impendentibus
777 2489 893 2569 cogitet.
938 2489 1010 2552 Nam
1034 2499 1191 2571 postquam
1215 2511 1241 2553 0.
1265 2492 1326 2555 989
1348 2513 1380 2555 00
1401 2495 1449 2554 in-

312 2589 426 2650 felicem
449 2589 709 2663 000000010000011,
732 2606 758 2649 0.
775 2587 990 2669 983110000οο1
1015 2590 1123 2651 mortui
1145 2590 1204 2652 filio
1219 2592 1447 2672 prudentissime

312 2687 465 2768 prospicit,
488 2707 532 2748 00.
550 2685 681 2768 986000.
698 2696 817 2749 mortuo
840 2687 906 2767 ipsi.
943 2687 1054 2750 Atridis
1077 2708 1144 2750 vero
1166 2690 1285 2770 regibus
1306 2691 1447 2753 continuo

312 2787 381 2848 inde
402 2806 417 2848 a
440 2805 465 2848 0.
492 2786 573 2848 1944
596 2787 748 2867 usquead
771 2805 797 2848 0.
823 2785 904 2847 1315
927 2787 1069 2849 acerrime
1090 2788 1206 2850 obsistit
1228 2807 1266 2851 ne
1288 2789 1379 2852 100100
1401 2791 1447 2852 10-

312 2887 445 2967 sepultus
472 2873 579 2961 iaceat3
596 2874 708 2948 'verum
737 2885 782 2946 his
810 2885 861 2966 001
891 2893 1055 2954 1000100100
1083 2887 1217 2950 versibus
1238 2897 1380 2970 tanquam
1401 2889 1448 2952 sui

313 2985 533 3048 aurantissimus
555 2986 712 3064 declamat,
741 2995 851 3066 000010
880 2985 935 3050 sihi
961 2987 993 3048 in
1022 2987 1145 3067 patriam
1172 3005 1296 3050 reverso
1314 2989 1390 3051 mala
1410 2989 1457 3051 ab

312 3083 469 3145 Telamone
491 3091 574 3164 patra
598 3085 721 3146 instent.
765 3084 895 3146 Tantum
917 3093 1016 3147 autem
1038 3084 1120 3148 abest
1142 3095 1176 3148 01
1198 3088 1358 3168 Sophocles
1380 3105 1448 3168 per·
1480 3139 1481 3148 ,

312 3199 452 3244 sonarum
476 3199 574 3244 mores
596 3183 674 3245 inter
696 3202 728 3244 00
750 3183 906 3246 dissimiles
929 3203 962 3246 00
984 3185 1076 3247 malos
1098 3186 1224 3259 finxerit,
1246 3196 1280 3248 ut
1294 3187 1449 3250 Aristotele

312 3289 389 3343 teste
410 3281 512 3363 000100
536 3269 601 3344 0000
624 3281 760 3357 debeant,
794 3299 856 3344 non
883 3283 984 3364 quales
1006 3284 1066 3345 sint
1087 3283 1283 3365 descripserit.
1321 3283 1359 3346 Et
1381 3303 1449 3347 vero

311 3396 448 3443 uersuum
470 3381 565 3444 oratio
587 3397 706 3462 000000
721 3381 807 3460 digua
830 3389 884 3454 001,
906 3401 981 3464 0000
997 3383 1159 3445 0001001100
1175 3383 1306 3463 pedestri
1320 3403 1449 3464 respon·

312 3481 386 3544 deal.
424 3480 525 3542 Verbis
538 3480 627 3542 'enim
650 3481 744 3542 utitur
766 3480 813 3542 hic
827 3481 940 3543 Teucer
962 3500 1059 3563 neque
1079 3473 1206 3562 propriis
1227 3491 1280 3544 aut
1302 3484 1448 3544 cothurno

311 3579 421 3660 tragico
442 3578 540 3657 dignis
564 3579 770 3660 utaliquando
793 3571 983 3642 subobscuris
1015 3589 1044 3642 et
1066 3579 1227 3660 suspensis.
1272 3580 1358 3654 Quod
1382 3601 1449 3644 cum

311 3679 368 3741 iam
391 3678 438 3740 alii
459 3678 721 3742 animadverterint
751 3689 781 3741 01
814 3680 928 3760 singula
961 3680 1047 3742 verba
1064 3723 1065 3727 =
1082 3679 1240 3742 emendare
1269 3681 1447 3754 studuerint,

312 3778 381 3841 satis
403 3776 497 3840 habeo
520 3795 624 3840 eorum
647 3779 905 3842 emendationibus
920 3778 1134 3860 praetermissis
1158 3796 1190 3840 ea
1206 3797 1280 3860 0000
1294 3781 1450 3843 offendunt

312 3876 450 3957 deinceps
474 3877 616 3958 proferre.
660 3877 722 3940 lam
747 3879 780 3940 in
806 3879 902 3959 primo
933 3879 983 3958 001
1013 3877 1448 3943 10100100001000001993
1515 3901 1516 3904 “

312 3976 464 4037 oflendunt
486 3974 634 4039 sarhaed
657 3973 727 4040 πᾶν
741 3973 840 4041 κακόν
856 3979 892 4038 de
908 3978 993 4040 Aiace
1009 3985 1128 4038 mortuo
1145 3977 1229 4053 dicta,
1251 3997 1297 4042 00.
1315 3979 1396 4041 1994
1405 3997 1448 4060 0.

312 4075 376 4136 11001
398 4093 460 4136 000
482 4083 580 4156 potest
608 4077 682 4157 0010
709 4077 795 4139 verba
821 4077 934 4138 insulse
962 4077 1119 4139 coniuncta
1148 4073 1337 4142 (100300τὸ0
1357 4074 1449 4160 ὄμμα

312 4175 348 4236 de
371 4173 464 4237 Aiacis
487 4173 571 4238 oculo
594 4175 670 4238 dicta
693 4197 710 4238 0
731 4176 843 4256 legibus
875 4176 1042 4258 syntecticis
1075 4176 1204 4240 subiecta
1237 4177 1299 4240 0101
1331 4177 1447 4259 praedi-

311 4273 419 4337 cationi
453 4274 577 4337 membri
610 4275 760 4338 subiuncti
793 4276 940 4356 0810010
992 4275 1056 4348 900
1090 4277 1123 4337 fit
1156 4285 1188 4338 01
1217 4277 1313 4339 Aiacis
1346 4278 1448 4340 oculus

311 4373 424 4435 Teucro
457 4373 558 4436 multis
592 4374 743 4436 aerumnis
777 4375 881 4436 allecto
914 4374 1010 4456 perire
1039 4396 1063 4436 s.
1086 4376 1197 4456 perisse
1219 4376 1341 4439 dicatur.
1384 4377 1448 4438 lmo

311 4489 380 4537 0000
404 4474 474 4537 Aiax
501 4475 564 4556 ipse
586 4474 784 4536 nominandus
807 4481 881 4537 erat.
926 4474 1029 4556 Neque
1051 4473 1151 4538 Nauck
1179 4476 1334 4538 emendato
1356 4465 1449 4559 110000
