3266 5084
751 360 789 372 ..
841 323 969 388 pp..

289 511 388 565 autem
411 500 587 563 adieetivum
615 507 810 581 amputatum,
840 510 874 564 ut
902 497 1036 584 μαυρόω
1063 521 1099 562 ex
1124 489 1295 584 ἅμααρόω,
1322 501 1427 562 eodem

289 601 339 664 hic
361 620 451 662 sensu
475 609 520 662 est
542 607 725 681 usurpatum,
748 620 807 680 quo
830 600 888 663 OC.
905 621 931 662 v.
951 599 1031 662 1018
1054 595 1201 682 ἀμαυρός
1217 600 1348 680 positum
1363 613 1428 664 esse

288 699 461 761 Doederlein
485 698 632 778 exposuit:
658 705 741 761 ‘nam
766 695 921 783 ἀμαυρός,
944 700 984 762 ait
998 719 1022 760 v.
1041 699 1080 769 d.‚
1102 718 1195 780 quum
1216 699 1336 780 proprie
1351 706 1428 762 esset

285 815 360 859 non
398 797 636 877 splendidus,
674 791 712 859 od
736 799 945 880 μαρμαίρων,
983 798 1068 878 plane
1102 799 1133 862 in
1156 797 1359 860 tenuitatis
1383 798 1427 859 vel

285 895 533 958 infirmitatis
563 895 716 958 notionem
747 893 842 958 ahiit'.·
886 897 976 958 Recte
1009 895 1130 975 quidem
1163 895 1240 958 vocis
1275 895 1426 960 notionem
1537 933 1545 942 ·
1621 901 1623 920 ¹

283 995 449 1076 perspexit,
483 994 583 1056 minus
617 1003 698 1056 reete
732 994 937 1074 etymologiam
974 1013 997 1055 s.
1034 993 1239 1074 veriloquium.
1293 994 1334 1056 lle
1367 1013 1427 1074 quo

285 1094 322 1156 ei.
346 1093 439 1156 Curtii
462 1094 547 1154 elem.
571 1093 688 1174 etymol.
715 1111 809 1172 graec.
834 1111 863 1172 p.
880 1093 941 1154 554
957 1111 1012 1174 sq,
1035 1093 1171 1154 Goehell
1194 1112 1222 1173 p.
1240 1091 1360 1172 tuosq.

259 1197 261 1201 ’
369 1192 473 1272 ltaque
495 1191 717 1254 Trachiniacum
742 1192 850 1253 chorus
872 1191 946 1252 haec
967 1193 1030 1254 lere
1052 1198 1165 1254 cantat:
1201 1195 1329 1256 ‘ortuum
1353 1191 1428 1271 fletu

286 1291 408 1352 secundo
435 1309 510 1352 auru
531 1293 690 1363 emoriatur,
717 1309 788 1371 quae
812 1309 858 1352 me
882 1309 920 1352 ero
944 1289 988 1351 laio
1013 1289 1080 1351 lou's
1105 1291 1238 1370 adripiat,
1264 1309 1301 1352 ue
1320 1307 1426 1371 peoora

286 1392 410 1460 morior,
449 1408 536 1470 quum
565 1386 641 1450 louis
669 1389 763 1470 fillum
802 1387 958 1450 validum
995 1388 1207 1452 invalidum
1240 1390 1332 1452 audito
1371 1390 1425 1452 ud-

282 1487 445 1566 specerim'.

370 1585 522 1663 Pergitur:
561 1585 711 1666 ‘siquidem
740 1588 821 1647 uiuat
850 1585 965 1647 domum
999 1605 1063 1650 eum
1098 1588 1196 1648 venire
1230 1583 1430 1650 imumdiculrili

283 1694 445 1764 correptum
477 1685 574 1746 dolore
605 1679 751 1746 ἅσαετόν
776 1703 810 1745 τι
841 1679 985 1766 θαῦμα.
1029 1685 1182 1748 Postrema
1208 1704 1310 1766 graeca
1339 1685 1425 1748 verba

285 1782 451 1844 offendunt.
505 1783 578 1843 Nam
611 1781 730 1863 θαῦμα
762 1782 931 1862 prodigium
959 1783 1100 1846 Hercules
1133 1783 1189 1846 diei
1223 1803 1286 1848 non
1318 1791 1424 1866 potest.

283 1879 367 1953 Quod
390 1898 502 1941 nornen
524 1889 606 1941 recte
629 1880 751 1959 quidem
774 1880 811 1941 de
832 1881 1005 1943 hominibus
1022 1882 1067 1942 vel
1088 1881 1178 1944 rebus
1200 1882 1425 1944 admirationem

283 1977 507 2050 mentientibus,
536 1978 573 2039 cf.
595 1978 787 2040 Homericum
821 1978 940 2062 θαῦμα
968 1977 1119 2054 ἰδέσθαι,
1151 1980 1314 2060 praedicari
1342 1981 1425 2054 solet,

282 2077 335 2136 sed
369 2095 426 2156 qua
458 2076 572 2138 ratione
605 2077 640 2137 de
674 2077 796 2138 homine
824 2078 932 2140 misero
961 2077 1017 2140 dici
1044 2078 1147 2157 possit,
1183 2097 1243 2140 non
1272 2097 1423 2158 assequor.

282 2175 376 2254 Atque
399 2173 484 2236 nobis
514 2174 729 2236 sententiarum
764 2175 871 2238 seriem
904 2176 1101 2256 cogitantibus
1135 2175 1241 2238 chorus
1270 2177 1306 2238 de
1329 2177 1423 2238 valido

282 2273 352 2333 olim
375 2272 499 2334 Hercule
526 2290 607 2333 nunc
634 2292 702 2334 vero
728 2274 834 2336 misero
862 2282 952 2354 atque
978 2283 1098 2352 aegroto
1121 2291 1181 2335 non
1209 2271 1341 2356 θαῦμα,
1371 2275 1423 2336 sed

283 2373 424 2450 θέαμα
445 2371 553 2432 dixisse
578 2371 700 2444 videtur,
724 2374 803 2452 quod
826 2373 885 2434 iarn
902 2372 1144 2434 Heruerdenium
1161 2375 1236 2436 anal.
1258 2374 1320 2436 crit.
1337 2392 1366 2454 p.
1382 2373 1423 2434 22

282 2477 310 2530 et
334 2469 526 2530 Schenldium
554 2470 649 2532 annal.
681 2471 772 2532 schol.
796 2473 892 2533 dustr.
919 2470 1010 2544 1869,
1031 2490 1060 2551 p.
1078 2471 1141 2534 532
1168 2472 1329 2534 coniecisse
1357 2483 1422 2535 serd

282 2567 415 2645 cognovi.
481 2567 641 2630 Infandum
685 2570 832 2648 quoddam
877 2571 1133 2648 spectaculum
1178 2570 1234 2632 dici
1278 2571 1422 2632 valentem

281 2665 438 2726 Herculem
467 2665 516 2726 tali
546 2667 635 2728 modo
661 2667 799 2730 allectum
828 2669 922 2730 multo
950 2668 1124 2730 concinnius
1151 2677 1196 2730 est
1218 2687 1308 2748 quam
1334 2669 1422 2731 mira-

281 2765 389 2826 culum.
439 2764 565 2828 Nomiue
598 2774 697 2828 autem
730 2767 846 2846 θέαμα
873 2767 928 2828 hac
956 2767 1020 2846 ipsa
1047 2766 1126 2842 tristi
1154 2767 1180 2828 vi
1209 2767 1305 2830 utitur
1336 2775 1423 2848 poeta

279 2862 339 2925 ΟΒ.
356 2883 380 2922 v.
402 2861 479 2924 1295

296 3001 298 3006 ·
378 2971 493 3056 θέαμα
516 2971 650 3058 εἰσόψει
665 2974 817 3038 τοιοῦτον
832 2973 907 3038 οἷον
929 2975 985 3038 καὶ
1007 2971 1179 3054 ocopodvc’
1204 2973 1397 3040 ἐπαικαίσαι

278 3089 452 3150 decaecato
477 3087 591 3166 Oedipo
615 3096 644 3148 et
666 3087 708 3148 di.
734 3107 759 3147 v.
776 3085 838 3147 992
861 3088 899 3148 de
922 3088 1016 3149 Aiacis
1038 3089 1179 3149 cadauere

380 3193 491 3262 ὦτῶν
514 3194 670 3262 ἁπάντων
690 3196 729 3280 δὴ
753 3194 934 3280 θεαμάτων
957 3195 1031 3279 ἐμοὶ
1055 3195 1221 3276 ἄλγιστον.

364 3325 475 3387 Deinde
496 3345 521 3386 v.
539 3324 601 3386 964
624 3342 812 3406 nequaquam
836 3325 972 3404 explicari
995 3334 1123 3404 possunt
1145 3325 1232 3386 verba

367 3435 480 3508 ξένων
501 3433 563 3518 γὰρ
584 3432 735 3518 ἐξόμιλος
758 3429 815 3519 ἥδε
837 3457 887 3510 τις
910 3431 1019 3516 βάσις.

280 3563 352 3624 Nam
377 3563 450 3624 adi.:
474 3557 639 3643 ἐξόμιλος,
663 3562 742 3642 quod
758 3563 814 3624 hoc
836 3580 896 3624 uno
916 3569 1019 3624 nostro
1041 3563 1106 3624 loeo
1122 3579 1220 3640 neque
1234 3561 1311 3640 apud
1329 3563 1421 3624 ullum

279 3661 368 3722 alium
404 3661 579 3740 scriptorem
616 3660 739 3739 legitur,
776 3660 1019 3740 peregrinum
1055 3661 1140 3739 vulgo
1171 3659 1290 3738 quidem
1325 3661 1421 3730 inter-

280 3767 440 3838 pretantur.
487 3759 544 3820 Sed
573 3759 709 3837 genetivo
738 3756 838 3830 ξένων
865 3759 923 3820 iam
945 3759 1110 3822 iudicatum
1134 3764 1181 3819 est
1209 3752 1310 3837 βάσιν
1333 3779 1421 3838 pere-

278 3857 430 3936 grinorum
465 3875 546 3928 esse,
586 3855 632 3917 oui
666 3857 690 3916 si
723 3857 892 3920 adiunxeris
924 3858 1047 3920 alteram
1080 3855 1305 3920 attributionem
1342 3857 1421 3920 idem

280 3956 435 4028 valentem,
467 3973 577 4016 meram
607 3963 712 4034 poetae
740 3955 930 4034 tautologiam
954 3955 1093 4018 obtrudes
1116 3955 1240 4018 alienam
1262 3955 1318 4016 hoc
1344 3957 1420 4018 loco.

278 4053 354 4116 Tum
377 4048 529 4133 ἐξόμιλας
551 4069 613 4114 non
636 4063 681 4114 est
706 4053 888 4133 peregrinus
911 4054 962 4116 sed
985 4053 1009 4114 is
1032 4052 1083 4132 qui
1105 4062 1208 4116 extra
1232 4054 1421 4117 hominum

278 4159 409 4213 coetus
433 4159 574 4224 versatur,
602 4152 681 4232 quod
712 4151 744 4214 in
772 4153 827 4214 hac
850 4152 1008 4216 verborum
1031 4151 1235 4214 enuntiatione
1264 4153 1335 4214 ferri
1358 4172 1421 4214 non

278 4257 384 4330 potest.
430 4249 531 4312 Deleto
560 4250 651 4328 igitur
673 4246 833 4332 ἐξόμιλος,
863 4249 942 4330 quod
966 4245 1081 4334 ὅμιλος
1104 4251 1198 4329 glossa
1224 4250 1420 4313 interlinearis

279 4349 358 4409 vocis
381 4344 497 4421 στάσις
518 4349 550 4410 in
573 4356 688 4412 textum
710 4348 788 4412 illata
810 4349 953 4429 expulerit
973 4368 1073 4413 vocem
1095 4348 1263 4428 genuinam,
1286 4349 1420 4413 ltlainelre

277 4447 436 4526 legendum
458 4447 573 4510 censuit
