3268 5072
759 321 976 383 ..24-

383 498 443 558 lam
467 514 537 559 vero
557 505 671 560 restant
692 498 780 560 verba
808 493 929 581 ἀψεγὲς
952 491 1057 560 πελᾶν
1078 497 1190 580 πέρας,
1221 515 1295 577 quae
1319 497 1436 558 criticos

237 655 241 665 ,
278 655 279 658 ,
297 597 423 659 maxime
445 606 633 658 vexaverunt.
671 598 806 670 Quorum
827 597 1032 677 sagacissimus
1047 593 1179 658 Meinehe
1193 603 1313 676 recepta
1329 593 1438 660 Reislcii

297 695 466 758 coniectura
490 691 568 777 ὁμέν
589 713 643 777 pro
665 690 741 778 ἡμῖν
763 697 795 757 in
817 697 902 758 anall.
924 697 1015 776 Soph.
1031 715 1060 778 p.
1076 695 1190 776 258sq.
1213 691 1347 778 ἀψεγές,
1379 713 1437 776 quo

297 793 428 876 plerique
450 794 648 870 offenderunt,
670 795 814 857 intactum
836 787 1008 875 relinquens
1022 805 1076 876 pro
1097 793 1192 878 τέρας
1214 793 1342 856 coniecit
1364 793 1438 856 scri-

297 895 429 957 hendum
452 909 516 955 esse
538 894 636 972 γέρας
658 894 714 954 hoc
741 911 846 955 sensu:
876 894 1002 975 ‘confido
1031 911 1181 976 nonquam
1201 893 1293 954 ochis·
1300 893 1439 973 facinoris

297 993 459 1056 auctoribus
479 1008 538 1054 ooo
559 993 780 1073 vituperandum
791 997 957 1073 proemium
977 991 1169 1056 eoemorom'.
1188 995 1341 1067 'Quocum
1364 1009 1437 1053 con-

297 1090 568 1154 tulit01.v.13ao
590 1125 633 1136 ——
658 1083 820 1164 Οἰδίπους
842 1086 969 1156 τοιαῦτ’
994 1089 1102 1173 ἔνειμε
1123 1089 1223 1153 παισὶ
1246 1098 1317 1162 ταῖς
1338 1083 1439 1152 αὑτοῦ

297 1193 385 1272 γέρα.
410 1178 413 1187 ’
431 1191 489 1253 Sed
511 1209 547 1252 ex
569 1191 757 1254 acerbissima
779 1191 966 1271 inopiaque
988 1191 1136 1254 invehitur
1158 1190 1287 1271 Oedipus
1309 1189 1341 1250 in
1363 1185 1438 1250 lilios

298 1292 439 1370 ingratos,
451 1307 567 1370 gravem
580 1291 658 1352 illius
670 1291 744 1352 iram
756 1310 772 1352 a
784 1291 960 1371 spectaturis
973 1291 1018 1352 vel
1029 1290 1148 1352 lecturis
1161 1298 1248 1370 poeta
1260 1288 1338 1352 haud
1350 1287 1439 1349 dubie

297 1389 477 1450 intellectam
494 1389 594 1451 voluit.
622 1389 765 1451 Sollemni
781 1407 851 1450 vero
868 1379 991 1461 cantico,
1014 1407 1073 1470 quo
1089 1389 1196 1450 chorus
1211 1387 1439 1468 interemptores

299 1489 529 1567 Agamemnonis
548 1503 615 1550 mox
630 1487 743 1569 poenas
760 1489 880 1550 daturos
896 1495 1001 1568 sperat,
1023 1487 1135 1549 ironiae
1151 1487 1232 1549 color
1246 1487 1330 1567 plane
1344 1483 1438 1549 abest.

297 1589 373 1650 'lum
397 1587 478 1648 nullo
501 1587 590 1648 modo
613 1605 661 1648 me
683 1588 803 1668 quidem
824 1585 920 1648 iudice
939 1587 1003 1648 lieri
1018 1579 1122 1667 potuit}
1143 1594 1177 1648 ut
1200 1585 1281 1647 chori
1301 1585 1438 1664 virgines,

299 1702 387 1768 quem
410 1692 595 1765 spectantem
612 1686 705 1765 magis
727 1705 761 1748 ac
784 1685 1040 1750 commiserantem
1057 1703 1145 1765 quam
1161 1692 1297 1764 agentem
1319 1701 1354 1746 ac
1374 1683 1439 1745 vin·

297 1785 461 1856 dicantem,
489 1785 550 1846 imo
582 1785 782 1847 verecundum
812 1803 846 1846 ac
873 1784 1042 1856 timentem,
1073 1781 1322 1862 el.vv.126sq.‚
1352 1791 1439 1862 poeta

298 1885 392 1958 liunt,
415 1883 585 1962 Aegisthum
601 1893 630 1946 et
645 1883 888 1965 Clytemnestram
904 1901 987 1961 reges
1009 1882 1049 1944 ita
1064 1881 1173 1962 alloqui
1189 1881 1337 1944 auderent.
1376 1878 1438 1954 Qua

298 1982 478 2064 ipsaReishii
490 1984 676 2047 correctione
684 1992 801 2064 recepta
814 1990 843 2044 et
855 1983 979 2045 aliorum
992 1981 1217 2044 emendationes
1228 1981 1437 2060 inhinguutur.

385 2082 444 2144 Sed
466 2084 600 2164 plerique
623 2085 667 2144 vel
690 2101 794 2146 omnes
817 2082 890 2144 mihi
913 2101 948 2144 eo
971 2081 1031 2144 ialli
1046 2083 1193 2156 videntur,
1217 2081 1296 2162 quod
1319 2075 1440 2144 adiecti·

299 2201 367 2244 vum
390 2176 513 2262 ἀψεγὲς
534 2204 557 2242 α
579 2183 658 2262 quod
682 2182 788 2244 dieitur
816 2182 957 2262 privativo
986 2183 1145 2244 formatum
1175 2199 1239 2242 esse
1262 2179 1440 2242 existimant.

300 2283 381 2354 Quae
401 2280 474 2342 falsa
495 2291 541 2342 est
563 2283 674 2361 opinio.
711 2283 774 2342 lmo
797 2299 866 2343 vero
891 2290 935 2343 est
957 2303 979 2342 α
1002 2282 1082 2363 quod
1105 2289 1221 2342 vocatur
1242 2280 1440 2361 protheticum

299 2381 382 2442 alil.
399 2380 542 2442 Clemmio
564 2381 595 2442 iu
616 2381 813 2462 disputatione
834 2382 870 2443 de
891 2381 974 2462 alpha
998 2381 1142 2444 intensive
1165 2381 1197 2442 in
1217 2379 1322 2442 studiis
1342 2395 1440 2458 gram-

300 2478 413 2540 maticis
441 2479 556 2558 linguae
585 2497 679 2558 graec.
703 2489 732 2542 et
755 2480 852 2553 latin„
883 2481 917 2541 ed
942 2480 975 2542 G.
999 2480 1132 2554 Curtius,
1160 2481 1216 2540 vol.
1233 2478 1305 2552 llll,
1321 2479 1393 2541 fasc.
1412 2480 1438 2538 1.

300 2597 348 2657 pp.
367 2575 609 2650 1-119,·1875.
647 2577 732 2652 Quod
756 2578 894 2640 omnibus
910 2577 1029 2640 vocibus
1046 2597 1120 2658 quae
1142 2597 1158 2640 a
1181 2581 1254 2651 c-l·
1268 2595 1351 2657 sequ.
1368 2593 1441 2641 oon-

300 2693 373 2736 sona
397 2683 478 2736 muta
499 2677 544 2736 vel
566 2677 601 2737 iis
624 2677 745 2738 mutatis
769 2696 857 2752 arur,
881 2684 910 2758 ψ
931 2677 1087 2757 incipiunt,
1109 2678 1294 2758 propositum
1316 2677 1440 2749 videtur,

300 2775 337 2836 cf.
354 2774 472 2848 Goebel
496 2773 572 2836 lexil.
597 2775 681 2836 Hom.
703 2776 715 2838 1
735 2793 763 2856 p.
787 2774 931 2836 1-320.
979 2776 1016 2838 Ut
1045 2777 1124 2838 enim
1151 2767 1291 2858 ἀακελής
1314 2795 1329 2837 a
1352 2776 1439 2838 verbo

301 2867 456 2945 σκέλλειν,
480 2865 600 2954 ἀχανής
616 2891 630 2934 a
646 2875 760 2952 χαένω,
785 2869 952 2957 ἀσπερχής
967 2891 983 2936 a
999 2877 1144 2957 σπέρχω,
1169 2868 1282 2959 ἀτενής
1298 2893 1314 2936 a
1329 2877 1438 2949 calvo,

300 2971 343 3032 sic
365 2963 493 3052 ἄψεγής
515 2987 530 3030 a
554 2971 699 3052 Sophocle
723 2981 768 3034 eet
790 2973 951 3034 derivatum
974 2993 989 3034 a
1013 2975 1106 3056 ψέγω
1130 2991 1192 3036 non
1214 2981 1248 3034 ut
1270 2972 1310 3034 sit
1331 2972 1440 3034 invitu-

301 3076 434 3150 peratus‚
463 3069 492 3129 id
515 3071 594 3150 quod
617 3068 761 3155 ἄψεκτος
784 3081 830 3134 est
850 3073 927 3152 apud
950 3073 1114 3153 Theognid.
1130 3092 1155 3133 v.
1173 3070 1244 3147 799,
1273 3073 1326 3133 sed
1347 3081 1380 3134 ut
1402 3071 1440 3132 sit

301 3168 536 3247 vituperatus
564 3169 626 3232 sive
655 3171 935 3251 vituperandus.
981 3173 1140 3235 deradice
1162 3171 1242 3234 verhi
1264 3171 1381 3256 ψέγειν
1403 3172 1438 3233 cl.

294 3267 409 3328 ·Goehel
432 3267 451 3328 1.
469 3287 493 3329 c.
510 3285 539 3348 p.
555 3268 605 3332 73.
649 3269 709 3332 Nec
737 3271 834 3333 obstat
863 3271 1032 3334 adverbium
1060 3267 1193 3356 ἆψεγιός
1222 3272 1257 3333 ab
1286 3271 1439 3352 Apollonio

301 3365 416 3428 Rhodio
450 3369 584 3448 negative
621 3369 743 3431 dictum.
800 3371 922 3432 Poetam
955 3373 1034 3433 enim
1069 3371 1300 3434 Alexandrinum
1333 3369 1440 3432 saeculi

301 3465 380 3527 tertii
402 3485 427 3528 a.
450 3465 516 3528 Chr.
540 3476 600 3528 ruat.
627 3481 657 3528 et
689 3477 824 3530 auctores
853 3471 1029 3532 scholiorum
1057 3469 1291 3550 Sophocleornm
1314 3469 1438 3529 Alexan-

302 3565 403 3627 drinos
425 3565 601 3628 adieetivum
617 3569 750 3646 negative
770 3576 943 3649 usurpatum
958 3577 1095 3648 putantes
1111 3570 1186 3648 rugit
1207 3577 1323 3648 poetam
1347 3583 1438 3646 quum

301 3664 332 3724 in
356 3664 457 3725 multis
480 3663 542 3726 aliis
564 3665 686 3727 vocibus
709 3675 774 3728 tum
797 3669 827 3728 in
848 3669 903 3730 hae
925 3664 1025 3729 nostra
1048 3685 1101 3729 suo
1124 3667 1155 3728 in
1177 3665 1321 3745 lingendis
1344 3665 1438 3726 verbis

302 3762 366 3824 iure
388 3779 476 3825 usum
499 3781 574 3825 osse.
611 3765 654 3828 lta
670 3766 860 3840 Nicandrum,
884 3767 1029 3828 medicum
1046 3775 1074 3828 et
1090 3774 1207 3846 poetam
1223 3764 1437 3845 Colophonium

302 3863 347 3922 vel
374 3861 506 3924 Aeolium
540 3865 649 3938 saeculi
682 3867 805 3927 secundi
838 3886 862 3928 a.
886 3866 952 3927 Chr.
975 3883 1004 3926 n.
1038 3866 1069 3926 in
1102 3863 1348 3945 alexipharmaois
1382 3862 1438 3925 adi.
1486 3849 1488 3858 ⁴

303 3951 488 4040 diodornos
509 3961 594 4040 longe
616 3964 669 4026 alia
700 3965 726 4025 vi
755 3981 842 4026 usum
872 3981 1047 4044 essequam
1070 3965 1233 4026 Homerum
1256 3962 1364 4026 Goehel
1387 3963 1439 4024 de-

302 4059 491 4134 monstravit,
521 4062 773 4143 l.c.p.150sqq.
818 4063 898 4136 Quae
920 4081 987 4126 cum
1014 4063 1055 4125 ita
1082 4063 1154 4138 siut,
1184 4063 1332 4143 iungenda
1358 4069 1438 4134 sunt,

304 4157 382 4237 quod
404 4157 470 4238 ipso
494 4160 649 4222 verborum
677 4163 782 4223 ordine
813 4162 929 4224 videtur
962 4161 1172 4236 demonstrari,
1206 4157 1284 4246 ἡμὶν
1317 4153 1439 4246 ἄψεγές

303 4256 453 4318 attributio
475 4259 605 4321 nominis
627 4261 738 4341 τέραςγ
767 4261 855 4322 dativi
877 4269 948 4334 τοῖς
976 4259 1080 4344 δρῶσι
1103 4257 1159 4324 καὶ
1181 4259 1366 4344 συνδρῶσιν
1387 4261 1439 4322 ‹la›

302 4355 353 4417 tivi
376 4365 448 4418 sunt
469 4359 617 4419 commodi
638 4359 763 4440 appositi
783 4359 928 4423 formulae
951 4358 1056 4424 πελᾶν
1077 4363 1186 4444 πέρας,
1209 4361 1356 4423 sententia
1377 4369 1436 4422 est:

305 4453 386 4527 Quos
406 4458 440 4518 oh
461 4475 506 4518 res
528 4457 581 4518 acc
602 4467 698 4520 teneor
718 4459 826 4540 fiducia
853 4479 1000 4542 nonquam
1029 4465 1169 4524 semotam
1191 4480 1209 4522 α
1230 4461 1310 4524 codic
1329 4465 1438 4541 citopo-
