3266 5084
756 317 974 380 „50-

291 505 321 556 tu
343 494 440 573 fecere
461 492 537 564 ooli,
559 493 630 554 tolio
653 503 746 554 cutem
768 496 898 555 scientem
921 493 1084 556 edocuimus
1093 492 1109 553 ’.
1153 492 1235 565 Quae
1258 509 1349 571 quum
1373 508 1432 552 non

290 593 434 672 quadrare
456 601 609 674 appareat,
638 593 789 654 Hermann
813 601 843 653 et
865 591 912 654 alii
935 592 971 652 de
998 591 1111 653 civibus
1134 591 1238 654 htticis
1264 590 1341 652 dicta
1368 609 1433 652 esse

289 698 472 764 statuerunt,
503 691 553 772 qui
584 709 622 752 ne
645 691 829 754 Athenarum
858 691 938 753 salus
970 690 1186 770 periclitaretur
1208 691 1245 752 de
1266 709 1300 750 re
1322 697 1434 750 secreta

289 792 402 854 celandi
423 791 558 852 luissent.
598 790 706 870 Vulgus
730 791 809 852 enim
827 810 865 852 ne
888 790 976 871 impie
998 790 1029 852 in
1050 791 1119 852 deos
1135 791 1223 852 iaciat
1238 788 1432 852 metuendum

290 910 364 953 esse.
409 890 522 964 Quibus
550 900 628 951 recte
652 889 780 952 Schenkl
808 890 838 951 in
861 889 1001 969 Philologi
1026 890 1081 950 vol.
1098 889 1175 951 XVll
1195 908 1222 969 p.
1241 889 1353 969 tersq.
1377 906 1432 966 op·

288 990 397 1070 posuit,
419 989 549 1069 primum
569 984 631 1062 ταὶς
647 987 762 1062 πόλεις
778 1006 837 1051 uon
864 989 1027 1068 significare
1048 985 1123 1061 τοὺς
1146 985 1269 1071 δήμους
1291 988 1338 1048 vel
1359 983 1434 1057 τοὺς

291 1085 448 1162 πολλοὺς,
472 1087 578 1148 deinde
595 1083 813 1168 καθυβρίζειν
828 1106 890 1149 non
907 1088 943 1148 de
966 1087 1094 1168 peccatis
1116 1086 1147 1148 in
1170 1086 1243 1149 deos
1266 1085 1433 1148 commissis

289 1187 401 1248 dictum
425 1185 525 1260 luisse,
548 1187 599 1248 sed
616 1186 653 1248 de
668 1186 827 1248 sceleribus
842 1185 1009 1260 hominum,
1032 1194 1095 1248 tum
1119 1181 1155 1246 oi
1178 1186 1294 1271 popter
1318 1181 1434 1257 πόλεις

289 1304 351 1348 non
366 1286 443 1346 idem
462 1305 526 1346 esse
542 1294 630 1367 atque
645 1287 761 1370 μυρίαι
783 1282 906 1357 πόλεις.
936 1285 1038 1364 Neque
1054 1285 1131 1348 ullus
1147 1284 1221 1346 mihi
1236 1284 1353 1346 videtur
1368 1302 1432 1344 esse

288 1403 418 1447 conexus
441 1385 666 1458 sententiarum,
690 1403 764 1466 quae
780 1384 913 1446 versibus
931 1384 1064 1466 1534sq.
1089 1394 1118 1446 et
1141 1403 1215 1466 quae
1230 1404 1275 1446 vv.
1295 1382 1430 1464 1536sq.

288 1485 487 1546 continentur.
532 1484 606 1545 Nam
641 1502 680 1545 ne
707 1503 861 1565 quaeram,
893 1503 949 1565 qua
984 1484 1098 1546 ratione
1129 1484 1262 1546 civitates
1289 1502 1343 1564 per
1370 1483 1431 1542 vim

288 1589 407 1664 agentes
437 1583 473 1644 ab
504 1581 616 1664 Oedipo
645 1583 785 1664 appellari
813 1582 930 1664 possint
956 1583 1031 1644 bene
1060 1583 1296 1656 administratae,
1326 1583 1432 1644 incon·

288 1683 408 1745 cinnum
433 1690 480 1746 est
502 1683 612 1756 dicere,
649 1684 778 1745 civitates
811 1683 895 1745 facile
924 1701 977 1763 per
1011 1682 1070 1744 vim
1103 1701 1202 1762 agere,
1237 1681 1316 1764 quod
1349 1681 1432 1743 tarde

287 1790 404 1844 tantum
428 1783 467 1844 dii
483 1801 594 1864 poenas
617 1783 741 1861 exigant,
764 1783 790 1844 si
813 1802 869 1864 qua
893 1782 1056 1863 peccaverit
1078 1782 1196 1844 ineos.
1234 1781 1265 1844 si
1288 1782 1327 1844 dii
1350 1781 1431 1844 tarde

288 1881 424 1962 quidem,
453 1881 504 1944 sed
533 1882 611 1944 iuste
638 1883 769 1964 puniunt
797 1883 921 1964 impios
952 1883 1110 1964 pleraeque
1136 1881 1270 1944 civitates
1299 1889 1351 1944 aut
1380 1901 1431 1943 eos

289 1987 454 2044 metuentes
476 2001 597 2062 peccare
619 1981 716 2043 nolint
738 1989 788 2044 aut
811 2001 903 2062 quum
925 1981 1118 2061 peccaverint,
1141 1981 1302 2043 intereunt.
1340 1980 1431 2042 Multo

289 2079 380 2160 magis
411 2080 501 2160 igitur
526 2099 580 2161 pro
608 2076 820 2163 καθύβρισαν
843 2089 1029 2162 exspectatur
1051 2076 1235 2143 κατιόλσντο
1260 2081 1304 2142 vel
1326 2080 1430 2142 simile.

289 2178 385 2251 Quam
414 2198 481 2241 vero
508 2179 644 2259 languide
674 2187 762 2260 atque
792 2180 892 2260 inepte
919 2179 1145 2242 continuantur:
1182 2178 1253 2240 ‘tale
1283 2178 1369 2262 quid,
1397 2187 1430 2240 tu

287 2278 374 2357 Aegei
388 2279 437 2352 fili,
460 2278 520 2340 noli
543 2279 713 2354 admittere;
734 2278 806 2340 haec
822 2279 939 2358 quidem
956 2279 1098 2340 scientem
1117 2278 1291 2342 edocuimus
1299 2279 1316 2336 ’.
1354 2277 1429 2339 Tum

287 2377 444 2460 σπαρτῶν
466 2371 526 2438 ἀπ’
543 2371 674 2459 ἀνδρῶν
695 2377 810 2438 soloece
832 2377 944 2440 dietum
967 2386 1012 2440 est
1033 2397 1087 2458 pro
1111 2394 1168 2441 σπ.
1191 2371 1254 2441 ὑπ’
1270 2368 1303 2438 σέ.
1327 2386 1356 2438 et
1378 2377 1431 2438 ad-

287 2475 481 2537 ditamentum
505 2493 607 2538 versus
626 2475 716 2538 1433.
755 2473 854 2550 Quint
886 2476 1017 2558 Oedipus
1041 2498 1055 2539 a
1079 2477 1149 2540 solis
1175 2474 1324 2539 Thebanis
1339 2477 1430 2538 htbe-

286 2575 405 2636 nienses
428 2594 460 2637 se
483 2575 677 2638 defensurum
695 2573 891 2656 promiserit?
928 2575 991 2638 lmo
1008 2595 1075 2638 vero
1099 2578 1133 2639 ab
1150 2577 1289 2638 omnibus
1313 2593 1431 2655 semper

287 2673 434 2747 hostibus,
457 2674 627 2755 quicunque
650 2675 780 2756 impetus
796 2675 915 2746 faciant,
940 2683 972 2737 ut
995 2695 1063 2738 vere
1085 2675 1243 2738 incolomis
1266 2676 1304 2738 sit
1326 2695 1430 2738 eorum

287 2773 396 2835 civitas.
441 2773 484 2835 lta
506 2773 586 2835 eninr
609 2773 672 2854 ipse
695 2773 853 2835 declaravit
874 2793 919 2835 vv.
938 2774 1091 2856 1524sqq.

388 2879 429 2958 ὥς
452 2901 506 2948 σοι
530 2885 596 2968 πρὸ
620 2883 751 2948 πολλῶν
774 2876 930 2948 ἀσπίδων
953 2881 1053 2970 ἀλκὴν
1076 2881 1132 2950 ὅδε

388 2979 486 3068 δορός
507 2975 541 3046 τ’
564 2982 710 3047 ἐπακτοῦ
732 2984 886 3063 γειτονῶν
909 2980 969 3047 ἀεὶ
992 2986 1084 3074 τιθῇ,

287 3103 317 3157 et
338 3095 469 3158 Theseus
493 3115 537 3158 rr.
556 3096 636 3158 1764
646 3116 691 3177 sq.

385 3207 441 3269 καὶ
463 3203 566 3271 ταῦτα’
587 3202 623 3290 μ’
647 3205 709 3290 ἔφη
733 3202 926 3289 πράσσοντα
948 3207 1055 3283 καλῶς

385 3303 494 3389 χώραν
517 3304 599 3378 ἕξειν
622 3305 713 3369 αἰὲν
735 3303 873 3371 ἄλυπον.

286 3418 421 3500 Denique
444 3438 503 3500 quo
526 3419 615 3480 modo
638 3421 698 3500 μέν
720 3441 746 3482 v.
765 3421 846 3482 1539
869 3419 998 3483 refertur
1019 3422 1056 3482 ad
1079 3441 1105 3482 v.
1121 3417 1189 3502 sq?

225 3593 229 3600 ι
371 3519 474 3598 Neque
496 3537 566 3580 uero
590 3520 643 3580 hae
665 3528 711 3582 tot
734 3522 918 3602 corruptelae
934 3521 1111 3584 coniecturis
1127 3520 1276 3583 emendari
1291 3527 1426 3600 possunt.

285 3616 359 3677 Nam
382 3617 540 3679 emendato
562 3609 624 3678 ὑπ’
646 3637 700 3698 pro
723 3609 784 3680 ἀπ’
807 3629 920 3680 restant
947 3619 1077 3700 reliquae
1106 3629 1136 3680 et
1165 3619 1330 3680 emendatis
1358 3619 1428 3680 reli-

286 3717 353 3796 quis
375 3723 489 3778 restant
523 3716 689 3780 sententiae
722 3737 783 3780 non
816 3720 893 3780 inter
926 3738 957 3782 se
990 3737 1128 3782 conexae.
1173 3717 1429 3798 Delendosigitur

286 3835 391 3878 censeo
414 3835 457 3877 vv.
476 3815 652 3878 1534-38
676 3817 711 3878 ab
734 3817 929 3880 histrionibus
956 3827 1068 3880 temere
1091 3801 1231 3878 consutos
1254 3827 1283 3878 et
1306 3825 1429 3880 senten-

286 3915 395 3978 tiarum
417 3916 495 3978 inter
516 3936 549 3978 se
570 3935 717 3978 conexum
741 3928 829 3998 atque
845 3937 1035 3998 progressum
1059 3917 1278 3997 perturbantes,
1303 3937 1328 3978 v.
1348 3915 1428 3978 1539

287 4015 376 4078 unius
398 4015 553 4078 litterulae.
566 4016 749 4078 correctione
771 4017 815 4078 sio
837 4007 1022 4078 sananddm:

385 4125 427 4188 τὰ
448 4124 508 4209 μὲν
528 4123 655 4189 τοιαῦτ’
677 4121 735 4190 οὖν
757 4125 893 4202 εἰδότες
916 4124 1126 4210 διδάσκομεν.

286 4255 363 4319 'lum
386 4257 507 4319 demum
530 4257 619 4319 huius
643 4275 745 4318 versus
772 4257 834 4338 pov
861 4267 941 4320 reete
968 4259 1130 4338 respondet
1151 4275 1252 4319 versus
1275 4259 1428 4339 sequentis

287 4353 325 4417 δέ
348 4365 377 4418 et
399 4375 538 4422 versuum
564 4356 711 4418 sententia
736 4357 867 4418 absoluta
898 4366 987 4437 atque
1010 4358 1138 4438 perlecta
1166 4365 1210 4418 est
1233 4365 1266 4418 ut
1288 4375 1425 4421 versuum

290 4455 440 4536 tteosqq.
