3266 5084
653 327 876 394 „45-

192 504 228 564 In
261 503 308 564 his
342 503 412 584 quid
445 503 501 566 sibi
530 503 597 566 vetit
625 505 748 568 verbnm
777 502 962 581 δυσσυχιῖι,
991 521 1089 584 neque
1115 503 1152 564 ob
1180 501 1244 564 eiiis
1266 521 1336 582 per-

152 683 156 689 ·
192 609 327 682 spectum
349 621 414 664 esse
436 610 508 682 puto
532 621 630 684 neque
652 621 705 681 ego
727 602 883 683 perspioio.
929 602 1123 664 Sehoiiestem
1146 599 1227 671 enim
1243 601 1339 662 seouti

193 695 485 779 explicantemfoivsi
502 701 579 776 seori,
603 699 639 764 ἐν
659 700 705 784 τῷ
728 701 921 774 πείθεσθαί
945 714 983 774 σε
1004 695 1131 782 μᾶλλον
1154 697 1195 768 od
1219 696 1341 761 δυσσυ-

192 807 261 876 χεϊς
294 793 378 881 ἥπερ
412 795 491 876 ἐγώ,
529 800 666 862 Creontis
700 799 788 861 verbe
817 799 947 862 maxime
976 799 1012 861 ed
1040 799 1147 878 Oedipi
1175 806 1340 872 extremam

194 897 361 959 orationem
387 917 410 958 r.
428 896 489 958 799

504 1071 506 1076 .
597 1013 912 1101 οὖγὰρσῖνκσικῶς
982 1081 1035 1090 ,,
1114 1043 1152 1088 ‚·

295 1105 369 1178 οὐδ’
394 1109 454 1179 ὧδ’
477 1114 740 1201 &desecuit-iper,
764 1116 794 1178 ei
815 1117 1039 1199 τερποίμεθα,

193 1251 299 1314 reterri
322 1251 503 1323 existiment,
525 1271 541 1314 e
563 1253 693 1314 Creonte
713 1252 786 1314 dioi:
809 1252 886 1313 ‘noli
907 1252 1027 1314 eredere
1051 1269 1100 1313 me
1114 1251 1259 1312 miserum
1274 1251 1342 1310 ‘esse

193 1360 246 1414 tue
268 1351 346 1432 opud
369 1351 566 1414 Athenienses
588 1351 761 1426 mensione,
783 1351 837 1412 sed
858 1351 901 1412 sio
923 1357 1021 1412 stetue
1043 1360 1073 1411 te
1095 1351 1182 1426 longe
1204 1348 1341 1410 miserio-

194 1469 259 1512 rem
297 1469 381 1524 osse,
426 1452 506 1532 quod
547 1451 719 1531 persuaderi
756 1449 812 1512 tibi
849 1468 941 1528 neges
985 1457 1020 1512 ut
1055 1447 1171 1511 Thebes
1213 1447 1342 1510 redees'.

195 1549 232 1609 ef.
257 1549 390 1610 Wunder
418 1550 454 1611 ed
481 1549 562 1612 hune
584 1562 714 1620 versum,
745 1549 797 1629 qui
825 1557 872 1612 est
898 1549 980 1628 opud
1000 1561 1069 1610 eum
1094 1567 1120 1608 v.
1137 1545 1230 1608 797:
1254 1547 1340 1619 Quod

195 1647 302 1710 teleum
334 1655 390 1709 est.
436 1647 511 1709 Nem
534 1647 645 1728 Oedipi
674 1647 833 1708 vorborum
859 1663 975 1708 summe
999 1646 1072 1708 haee
1091 1653 1152 1707 est:
1175 1644 1222 1706 Tu
1245 1645 1341 1706 Creon

196 1745 298 1806 multis
320 1746 393 1808 mihi
416 1747 505 1808 medis:
522 1747 631 1826 paretis
654 1747 736 1808 nun'e
757 1745 843 1808 bonis
871 1754 900 1806 et
922 1745 1063 1826 speciosis
1086 1744 1182 1806 verbis
1196 1743 1341 1806 Colonen·

196 1843 374 1922 decepturus
394 1845 454 1906 hue
476 1845 592 1906 venisti.
637 1845 740 1925 Neque
762 1843 833 1906 boni
857 1844 1016 1924 quicquam
1045 1859 1127 1906 nuno
1148 1843 1222 1920 mihi
1245 1843 1342 1904 effers.

196 1941 274 2004 Nem
308 1949 340 2002 ut
373 1942 453 2020 hisee
486 1945 605 2023 quoque
628 1942 764 2006 Coloneis
794 1951 825 2004 te
848 1943 958 2004 melum
981 1961 1048 2004 esse
1077 1943 1243 2018 ostendent,
1270 1941 1342 2002 edes

196 2057 258 2100 non
280 2048 315 2102 ut
336 2041 460 2106 domum
482 2053 532 2102 me
554 2041 691 2113 ebdomas,
726 2042 779 2116 sed
808 2049 841 2102 ut
868 2041 1030 2104 finitimum
1052 2059 1107 2102 me
1127 2047 1248 2114 statues,
1282 2059 1341 2120 quo

197 2139 292 2218 patrio
314 2139 397 2200 melis
420 2137 544 2201 liberate
566 2139 616 2200 sit.
659 2139 692 2200 ld
715 2141 795 2220 quod
817 2139 874 2202 tibi
897 2157 957 2202 non
973 2140 1138 2220 contingo
1160 2141 1213 2202 sed
1234 2140 1294 2200 hoe
1310 2149 1343 2201 ut

196 2237 272 2298 furio
306 2255 369 2298 mee
402 2237 443 2298 ibi
476 2244 620 2299 versetur.
664 2237 744 2300 Filiis
778 2247 878 2302 entem
913 2246 1029 2302 tontum
1063 2246 1161 2302 terrae
1195 2239 1342 2313 obveniet,

197 2343 341 2418 quantum
365 2335 438 2398 setis
459 2335 498 2396 sit
520 2335 655 2397 mortuis.
699 2335 790 2398 Multo
814 2337 904 2416 igitur
936 2338 1043 2400 meiius
1072 2357 1161 2418 quem
1190 2346 1223 2398 tu
1246 2337 1342 2398 Creon

197 2454 251 2515 ego
273 2430 430 2511 Thebanos
447 2432 500 2496 ‘res
524 2433 672 2514 intellego,
695 2435 804 2516 quippe
827 2437 877 2516 qui
899 2456 915 2498 a
936 2433 1058 2498 Phoebo
1083 2445 1171 2516 etque
1193 2432 1261 2498 Iove
1277 2437 1341 2518 ipso

197 2554 230 2598 ea
253 2526 423 2594 audiverim.
468 2534 505 2594 dt
526 2542 561 2594 tu
582 2523 630 2594 hic
652 2533 721 2594 ades
752 2531 820 2594 dcto
850 2553 902 2596 ore
935 2542 1023 2616 atque
1046 2535 1151 2605 duro„
1171 2553 1231 2616 quo
1257 2517 1342 2616 piore

195 2631 250 2695 tibi
276 2629 349 2694 mole
372 2643 462 2714 quem
485 2615 563 2693 iona
583 2629 711 2714 parebis.
757 2631 856 2705 Quum
890 2641 990 2694 autem
1025 2627 1085 2694 seio
1116 2652 1162 2694 me
1192 2633 1248 2708 tibi
1272 2633 1343 2694 haee

196 2751 257 2794 non
279 2727 502 2813 persuasurum,
526 2729 614 2794 abeas
638 2740 666 2794 et
688 2751 744 2794 nos
767 2731 816 2794 hic
830 2729 928 2793 vivere
951 2733 1038 2794 sines.
1076 2718 1342 2806 Non'enim‘mele,

196 2829 300 2893 nesio
328 2826 459 2912 quidem,
487 2828 629 2906 vivemus,
656 2831 681 2892 si
710 2831 750 2894 ite
773 2831 871 2892 vivere
894 2823 1075 2894 nos'iuv'et’.
1107 2831 1186 2904 ‘Quo
1209 2825 1342 2892 oratione

196 2929 295 2992 audite
318 2929 414 2992 Creon
437 2927 550 3009 Oedipo
573 2931 754 3010 respondere
778 2949 838 2992 non
853 2927 952 3010 potest
975 2920 1059 2992 iilum
1075 2919 1260 2994 miseriorem
1277 2950 1343 2992 esse

196 3030 229 3091 in
251 3029 312 3091 suis
335 3029 425 3090 rebus
448 3048 537 3110 quem
561 3047 593 3090 se
615 3029 787 3109 ipsumam
809 3030 833 3092 si
856 3030 960 3091 melate
983 3027 1011 3091 vi
1033 3026 1207 3106 δυστυχεῖν
1230 3013 1343 3090 dietum

197 3136 325 3200 statues,
357 3127 439 3189 ilium
475 3127 565 3206 magis
598 3145 719 3190 oeeoum
749 3147 816 3191 esse
847 3127 879 3190 in
908 3128 971 3190 suis
998 3127 1089 3190 rebus
1112 3143 1201 3207 quem
1228 3125 1344 3208 ipsum3

196 3229 289 3290 immo
323 3241 393 3288 vero
419 3225 542 3288 ‘tatione
567 3242 697 3303 snorum
730 3227 825 3307 ipsius
856 3227 1028 3298 verborum,
1062 3243 1108 3288 vv.
1130 3221 1250 3306 votsqt
1284 3213 1342 3309 ἆρ’
1385 3235 1389 3244 ’

197 3317 325 3389 detto
355 3319 524 3397 τοῦνειδος
549 3320 704 3389 deeideo'
738 3325 786 3398 εἰς
814 3323 852 3387 σὲ
873 3319 962 3407 ’κάμὲ
991 3323 1048 3386 καὶ
1074 3323 1113 3387 od
1141 3323 1211 3388 πᾶν
1238 3326 1340 3403 γένυς,

197 3435 227 3488 et
249 3425 354 3506 Oedipi
382 3419 574 3506 δσυβλητδυ
595 3421 744 3507 στόμα,
779 3421 906 3506 πολλὴν
938 3421 1015 3502 ἔχειν
1041 3416 1210 3506 στόμωσιν
1244 3425 1343 3487 habito

198 3525 306 3588 dixisse
328 3526 480 3606 putandus
504 3532 565 3586 est:
596 3531 682 3586 ‘num
710 3535 742 3586 tu
772 3524 925 3588 arbitreris
953 3542 996 3584 me
1023 3524 1076 3585 tide·
1100 3523 1344 3586 maenomenon

196 3628 288 3698 potius
310 3634 335 3686 te
357 3625 410 3687 tide·
435 3629 528 3706 ipsum
556 3625 588 3685 in
609 3623 662 3686 dos
684 3632 736 3686 tuo
757 3620 924 3688 oratiouei'
968 3622 1088 3686 Conioio
1109 3622 1200 3701 igitur
1221 3630 1342 3702 poetam

197 3723 342 3804 scriptum
365 3723 495 3792 votuisse
516 3720 754 3803 δυσσσμεῖυ,
788 3722 868 3802 quod
903 3729 1016 3801 quanto
1047 3721 1143 3800 aptius
1173 3722 1212 3784 sit
1234 3721 1343 3783 tradito

198 3820 384 3900 δυστυχεῖν,
405 3822 517 3889 docent
539 3839 615 3901 quoe
637 3818 771 3900 Oedipus
793 3822 903 3884 horum
925 3819 1062 3882 Creontis
1086 3837 1233 3882 versuum·
1258 3821 1344 3900 quasi

197 3919 352 4001 perediam
372 3918 485 3986 feeiene
506 3919 639 4000 loquitor
660 3938 704 3980 vv.
722 3917 783 3980 960
796 3937 841 3998 sq.

297 4034 325 4104 ei
347 4034 425 4123 λῆμ’
442 4035 596 4115 ἀναιδές,
619 4038 678 4108 roo
699 4035 971 4121 καθυβρίζειν
992 4035 1102 4110 δοκεῖς

298 4135 440 4221 πότερον
462 4136 542 4221 epod
564 4140 714 4222 repones
736 4133 756 4220 ἢ
778 4137 902 4202 σαυτοῦ
923 4129 1019 4214 τόδε,·
1282 4213 1285 4220 y

198 4261 273 4323 Nem
294 4261 399 4342 Oedipi
421 4254 639 4342 καθυβρίζειν
659 4260 723 4322 fere
745 4259 824 4321 idem
849 4267 893 4324 est
908 4255 987 4340 qnod
1003 4255 1184 4340 δυσσομετυ
1199 4257 1342 4319 Creontis.

199 4359 264 4433 Quo
287 4359 378 4422 verbo
400 4367 486 4441 poete
509 4375 582 4420 usus
604 4367 651 4419 est
671 4358 733 4422 hui.
755 4355 819 4422 ten·
838 4377 864 4420 v.
882 4357 953 4432 896,
976 4357 1027 4420 ubi
1050 4355 1198 4437 Oedipum
1221 4356 1344 4418 Creonti

199 4455 528 4542 exprobrantemteein
