3266 5084
751 286 974 352 ..gp-

390 461 551 546 Todetdpg
573 453 672 533 αὐτός
695 481 757 540 περ
780 454 845 524 adv
866 455 1092 544 προμάχοισιν
1114 457 1251 542 ἐμίχθη,

286 603 322 664 ad
338 621 426 682 quem
449 619 566 663 versum
586 599 622 662 cl.
644 599 832 680 interpretes.
863 600 916 661 Cui
938 598 1123 679 pronomini,
1145 607 1179 660 ut
1198 597 1365 661 solitudinis
1386 598 1429 658 vis
1528 616 1539 636 ·
1604 577 1605 588 ἵ

286 703 391 763 clarius
418 707 567 781 appareat,
593 698 628 759 ab
651 699 780 760 Homero
807 699 890 773 οἷος,
917 699 953 760 ab
980 698 1084 760 Atticis
1110 698 1304 778 scriptoribus
1330 693 1430 779 μόνος

260 809 263 814 ’
286 800 464 878 adiungitur,
486 808 519 860 ut
540 806 620 860 recte
644 799 701 859 hoc
721 807 825 860 nostro
846 800 909 859 loco
931 796 1119 858 scholiastam
1134 796 1322 876 pronominis
1342 814 1428 857 usum

286 899 446 978 explicasse
473 897 552 959 dicas
581 896 831 975 interpretantem
858 891 942 959 ὅπου
966 889 1063 970 αὐτὸς
1084 891 1238 978 μόνος-
1255 888 1305 976 ἦν.
1345 892 1430 954 Unde

285 997 412 1058 elficitur
438 1004 471 1057 ut
500 995 677 1057 adiectivum
702 991 890 1077 πρόσουρος
916 1013 984 1056 cnm
1011 992 1107 1055 verbis
1134 988 1193 1057 οὐκ
1220 989 1303 1072 ἔχων
1329 986 1430 1073 βάσιν

286 1093 526 1172 coniungendum
556 1093 605 1154 sit.
650 1091 712 1165 Qua
743 1112 812 1154 voee
842 1093 936 1154 ionica
968 1091 1114 1153 vicinus
1140 1091 1218 1171 apud
1245 1089 1429 1152 Herodotum

287 1192 445 1273 quinquies
472 1191 664 1272 significatur.
702 1191 761 1252 Sed
786 1191 857 1254 baec
882 1191 924 1252 vis
951 1199 1054 1252 nostro
1080 1191 1145 1252 loco
1171 1190 1350 1253 alienissima
1376 1195 1428 1249 est.

286 1293 355 1353 lure
372 1291 452 1352 enim
468 1290 586 1371 quaeris
603 1290 649 1352 oui
672 1290 786 1352 dicatur
807 1291 967 1373 Philocteta
987 1289 1101 1351 vicinus
1123 1307 1197 1364 esse,
1219 1305 1311 1368 quum
1327 1293 1429 1348 tamen

286 1391 420 1470 proxime
445 1389 632 1468 praecedenti
659 1383 756 1460 αὐτός
780 1389 861 1450 solus
882 1407 946 1450 esse
962 1389 1129 1450 denotetur.
1159 1387 1236 1466 Ergo
1252 1385 1429 1448 adiectivum

286 1484 473 1570 πρόσουρος
510 1487 728 1549 emendandum
764 1495 819 1548 est.
862 1487 1019 1550 Reicienda
1049 1494 1094 1548 cst
1123 1485 1222 1549 Botbii
1251 1502 1370 1564 qnoque
1400 1491 1429 1543 et

286 1586 419 1666 Madvigii
441 1585 609 1647 coniectura
636 1580 825 1668 πρόσουρον
847 1580 905 1648 οὖν
928 1583 1011 1664 ἔχων
1033 1580 1134 1667 βάσιν
1157 1583 1300 1646 ‘vicinum
1327 1582 1429 1644 ouius-

286 1703 375 1765 quam
392 1703 527 1764 gressum
542 1701 604 1745 non
620 1683 755 1758 lrabens’‚
777 1703 871 1764 quum
893 1684 939 1746 his
959 1683 1056 1745 verbis
1073 1702 1153 1745 mera
1173 1690 1277 1762 poetae
1300 1679 1428 1752 iteratio,

286 1802 375 1863 quam
401 1783 504 1846 Graeci
529 1782 718 1860 tautologiam
745 1793 859 1856 vocant,
883 1782 1068 1845 obtrudatur.
1102 1783 1185 1844 ldem
1210 1788 1311 1844 antem
1337 1778 1429 1840 sobo-

284 1882 369 1944 liasta
385 1882 436 1962 qui
451 1875 548 1954 αὐτός
562 1888 642 1942 recte
656 1881 807 1954 intellexit,
833 1872 1022 1962 πρόσουρος
1056 1900 1120 1942 esse
1146 1881 1188 1942 ait
1211 1873 1278 1942 sind
1300 1873 1429 1957 ἀνέμων

286 1977 501 2062 βαλλόμενος,
540 1975 640 2059 πρὸς
673 1976 821 2061 ἄνεμον
849 1981 1136 2061 τετραμμένος.
1183 1977 1294 2052 Quidni
1322 1974 1429 2053 legerit

286 2088 317 2140 et
342 2079 529 2160 explicaverit
554 2072 653 2160 πρὸς
676 2073 795 2161 οὖρον
821 2080 907 2141 verba
933 2077 1061 2160 poetae?
1094 2072 1200 2160 Οὖρος
1220 2093 1289 2138 vero
1306 2079 1429 2138 nonest

285 2185 391 2240 ventus
418 2177 576 2250 secundus,
600 2178 680 2257 quod
706 2179 826 2259 proprie
841 2179 952 2240 dictum
978 2196 1040 2240 non
1063 2175 1212 2238 invenitur
1226 2175 1258 2238 in
1273 2172 1428 2254 Sophoclis

285 2295 362 2357 quae
378 2285 506 2347 exstant,
521 2276 575 2337 sed
590 2283 635 2338 est
647 2284 784 2337 nostrum
795 2276 898 2349 llort,
915 2285 949 2338 ut
961 2275 1151 2338 Homericum
1169 2267 1427 2354 οὖροςἈχοιιῶν,

285 2375 321 2436 cl.
348 2375 485 2456 Hespcbii
512 2377 621 2454 glossa:
648 2368 761 2457 οὖρος·
784 2371 952 2456 βασιλεύς,
975 2370 1102 2456 φύλαξ,
1132 2368 1263 2456 σωτήρ
1290 2379 1320 2434 et
1346 2371 1428 2437 deri-

284 2485 386 2536 vatum
411 2474 544 2537 aradice
564 2493 637 2563 μορ.
668 2474 753 2535 Unde
778 2481 843 2536 orta
868 2481 941 2536 sunt
955 2473 1136 2536 Graecorum
1162 2466 1294 2554 dpopor,
1322 2465 1427 2550 ὁράω,

285 2566 412 2655 οὐρούς,
428 2569 600 2654 ἐπίουρος,
616 2569 783 2655 θυρωρός,
796 2569 982 2656 woiewoda,
998 2566 1158 2653 δνσωρός,
1172 2563 1429 2650 deceptuose,

285 2672 459 2734 Latinorum
476 2690 579 2734 vereor
598 2673 722 2752 eiusque
737 2671 875 2744 derivata,
896 2681 997 2732 nostra
1019 2670 1139 2749 antiqua
1159 2667 1256 2747 giwar,
1275 2685 1358 2740 wara,
1373 2667 1427 2728 ho·

286 2771 387 2832 dierna
403 2771 529 2849 gewahr,
547 2771 765 2847 wahrnehmen,
786 2770 914 2843 wahren,
938 2777 1040 2839 wart,
1063 2776 1176 2830 werten
1192 2774 1258 2839 etc,
1279 2765 1318 2828 ol.
1336 2763 1428 2827 Curtii

286 2870 428 2932 elemento
445 2870 561 2949 etymol.
577 2888 671 2949 graec.
686 2889 715 2949 p.
732 2867 793 2930 349
810 2886 839 2938 n.
857 2868 927 2940 501,
942 2867 1010 2930 edit.
1025 2867 1072 2928 lV.

371 2969 425 3030 Est
438 2968 528 3045 igitur
544 2962 640 3050 οὖρος
655 2968 707 3049 qui
723 2985 824 3029 curam
840 2965 914 3044 gerit
936 2965 1059 3028 alicvuus
1075 2971 1177 3026 nostro
1193 2963 1292 3026 versui
1306 2960 1428 3042 aptissi-

286 3084 380 3127 mum.
420 3067 520 3139 Quum
547 3065 628 3126 enim
654 3073 722 3145 post
749 3059 846 3136 αὐτός
872 3063 1042 3125 distinxeris
1068 3071 1098 3124 et
1124 3059 1207 3144 πρὸς
1234 3053 1333 3142 οὖρον
1359 3078 1428 3124 cum
1508 3117 1510 3123 Α
1586 3074 1588 3078 ·

285 3163 480 3243 sequentibus
510 3164 714 3238 coniunxeris,
744 3162 890 3224 sententia
920 3162 1029 3224 evadit:
1067 3161 1134 3222 ‘obi
1159 3160 1237 3222 solos
1266 3169 1340 3229 arat,
1370 3175 1429 3218 ιιοιι

284 3263 391 3323 babeas
405 3265 598 3342 sospitatorem
613 3266 671 3323 stoc
686 3271 831 3323 auctorem
847 3261 949 3322 solutis
975 3279 1057 3342 poem
1083 3259 1183 3330 addat,
1209 3277 1243 3319 we
1268 3257 1428 3337 indigenam

285 3361 397 3442 quidem
422 3361 495 3422 moli
513 3364 643 3422 ‘victoum
658 3359 725 3420 etc’
761 3359 804 3422 Ex
818 3359 953 3438 proxime
974 3357 1217 3438 praecedentibus
1243 3353 1280 3418 ad
1305 3373 1428 3416 accusa-

285 3459 379 3520 tivum
405 3450 470 3522 τιν’
486 3455 628 3541 ἔγχωρον
643 3459 855 3534 κανογείτονα
878 3457 979 3518 audias
1005 3456 1050 3516 vel
1076 3454 1326 3535 praepositionem
1345 3447 1428 3536 πρός

287 3559 332 3618 vel
359 3557 501 3636 si‘magis
528 3557 640 3636 placeat
659 3555 847 3636 participium
874 3552 965 3634 ἔχων.
1001 3554 1142 3615 dnimum
1168 3560 1267 3614 autem
1293 3551 1427 3612 advertas

286 3653 428 3716 orationis
458 3656 676 3734 gradationem:
707 3655 802 3716 ‘solus
830 3663 907 3727 erat,
938 3671 1000 3714 non
1025 3650 1153 3713 habebat
1179 3649 1231 3728 qui
1258 3649 1286 3709 ei
1316 3647 1427 3710 mederi

285 3761 397 3832 posset,
423 3772 461 3814 ne
484 3753 609 3816 incolam
637 3752 758 3833 quidem
785 3752 853 3814 mali
879 3751 1022 3824 vicinum,
1050 3749 1128 3830 apud
1155 3765 1245 3828 quem
1271 3747 1428 3808 lamentari

286 3861 387 3931 posset
395 3851 411 3912 '.
442 3852 484 3912 Cf.
501 3851 583 3914 chori
598 3851 686 3913 verba
701 3851 762 3914 hui.
777 3849 834 3912 lab.
851 3869 895 3910 vv.
914 3849 1043 3928 169sqq.

387 4015 536 4100 οἰκτείροι
558 4035 613 4078 νιν
635 4010 743 4093 ἔγωγ’,
766 4008 859 4086 ὅπως

386 4110 431 4197 μή
452 4134 510 4176 τοο
533 4111 757 4195 κηδομένου
780 4111 906 4195 βροτῶν

386 4209 470 4294 μηδὲ
493 4209 717 4295 ξύντροφον
739 4205 819 4292 ὄμμ’
842 4200 927 4288 ἔχων

386 4306 557 4384 δύστανος,
580 4307 700 4391 μόνος
723 4303 787 4383 a’cel,

386 4417 478 4471 νοσεῖ
499 4411 561 4489 μέν
583 4405 682 4470 νόσον
705 4398 823 4488 ἀγρίαν
838 4413 894 4467 etc.
