3268 5072
750 341 968 406 ,Ιη-

292 520 367 580 Dum
392 527 490 581 autem
514 519 545 579 in
568 519 739 600 explicando
754 521 890 598 genetivo
912 520 1026 598 γενεᾶς
1048 522 1127 582 undo
1143 524 1229 600 aptus
1252 522 1291 583 sit
1306 521 1430 584 haerent

293 637 338 680 vv.
361 618 421 691 dd,
452 617 522 698 quid
550 615 605 678 sibi
628 616 697 678 velit
719 619 872 697 genetivus
901 619 1022 699 pluralis
1049 617 1234 702 Οισοφιδᾶν
1263 620 1349 700 plane
1376 639 1431 682 ne·

292 718 455 798 glexerunt.
500 717 574 778 Nam
597 717 742 797 quisunt
765 715 961 798 Sisyphides?
994 718 1147 798 Sisyphus,
1176 717 1312 794 Glaucus,
1335 719 1430 780 Belle-

292 817 463 898 rophontes,
491 812 740 897 quorum'neque
762 817 889 880 Glaucus
911 837 1008 897 neque
1030 817 1225 898 Bellerophon
1248 818 1361 880 fallacia
1382 818 1430 879 in-

291 918 386 980 fames
409 922 507 989 erant,
536 915 596 976 imo
624 933 694 976 vero
723 915 772 977 hic
792 915 881 977 rebus
912 917 1066 996 praeclare.
1088 916 1194 994 gestis,
1222 917 1270 978 ille
1292 916 1430 992 violenta,

292 1037 381 1098 quam
410 1014 447 1076 ab
476 1015 560 1096 equis
588 1013 716 1076 efferatis
738 1014 866 1095 aceepit,
894 1022 991 1077 morte
1019 1015 1251 1078 celebrabantur.
1297 1015 1431 1096 Sisyphi·

292 1118 396 1178 darum
430 1113 522 1195 igitur
554 1131 643 1192 gens
674 1113 787 1193 perdita
815 1113 872 1174 dici
901 1131 962 1175 non
990 1113 1055 1194 quit
1083 1133 1180 1194 neque
1209 1132 1334 1194 usquam
1362 1113 1430 1178 alibi

291 1215 367 1277 diota
390 1223 434 1278 cst
455 1233 554 1296 neque
576 1213 612 1274 ab
636 1213 694 1276 ullo
717 1211 773 1274 alio
795 1214 939 1294 scriptore
960 1214 1082 1294 pluralis
1109 1211 1290 1298 Crovptdou
1314 1233 1428 1276 memo-

289 1321 379 1376 ratur.
418 1313 534 1376 Atenirn
557 1312 627 1374 inde
650 1311 686 1373 ab
709 1311 848 1386 Homero,
871 1312 903 1374 ll.
918 1313 964 1384 ΙΙΙ,
981 1331 1006 1374 v.
1026 1313 1096 1386 153,
1118 1315 1199 1376 solus
1214 1313 1266 1394 qui
1280 1313 1430 1375 ferebatur

291 1413 435 1493 Sisyphus
463 1411 547 1492 quasi
570 1411 719 1490 exemplar
742 1409 892 1474 fraudium
914 1409 1086 1487 habebatur,
1115 1413 1154 1474 ita
1177 1412 1296 1493 quidem
1319 1411 1429 1474 utho-
1504 1411 1506 1418 '

291 1511 386 1574 mines
413 1510 525 1572 versuti
551 1516 639 1590 atquo
668 1508 758 1570 astuti
779 1508 897 1590 Sisyphi
926 1511 1069 1573 nominati
1098 1511 1172 1585 sint,
1199 1521 1232 1573 ut
1254 1511 1429 1593 Dercyllidas

289 1608 538 1672 Lacedaemonius
564 1641 608 1656 ν-
634 1601 716 1690 ἀνηρ
745 1605 851 1671 δοκῶν
881 1609 967 1671 εἶναι
1001 1605 1090 1691 μάλα
1123 1609 1341 1693 μηχανητικός
1372 1609 1429 1672 sal

289 1704 481 1772 ἐπεκαλεῖτο
509 1706 666 1790 θίσοφος,
690 1705 826 1787 Xenoph.
849 1707 963 1770 Hellen.
979 1708 1027 1780 ΙΙΙ,
1047 1711 1072 1781 Ι,
1089 1709 1116 1771 8.
1157 1709 1235 1783 Quin
1257 1709 1345 1770 etiam
1361 1709 1428 1790 qui-

290 1809 332 1871 vis
361 1809 451 1870 homo
471 1807 679 1870 fraudulentus
701 1805 853 1886 Sisyphus,
883 1807 950 1869 mali
973 1805 1119 1869 Corinthii
1140 1806 1278 1888 Sisyphi,
1309 1807 1345 1868 cf.
1369 1807 1430 1870 lle-

288 1907 379 1990 syehii
402 1927 464 1970 voc.
492 1906 648 1988 (Σίσοφος,
677 1903 864 1988 occupatore,
891 1905 1122 1986 appellabantur.
1166 1907 1242 1969 Hinc
1263 1906 1372 1979 Ulixes,
1395 1913 1429 1968 ut

288 2009 345 2074 ian
361 2008 393 2069 in
409 2007 538 2088 Odyssea
554 2004 687 2086 Autolyci
701 2005 833 2068 hominis
847 2005 1025 2068 furacissimi
1041 2025 1144 2087 nepos,
1161 2005 1235 2080 XIX,
1247 2025 1292 2068 vv.
1305 2004 1428 2087 394sq.,

289 2115 407 2188 postero
444 2114 579 2186 tempore
613 2106 728 2187 Sisyphi
760 2104 891 2166 hominis
924 2105 1105 2170 fallacissimi
1136 2105 1213 2168 ulios
1246 2105 1340 2167 dictus
1373 2113 1427 2170 est.

288 2207 379 2268 Recte
411 2205 500 2284 igitur
528 2211 616 2285 poeta
644 2205 680 2266 de
703 2204 867 2284 Sisyphido‚
898 2221 1084 2285 nequaquam
1108 2223 1178 2266 vero
1206 2204 1243 2265 de
1265 2203 1428 2284 Sisyphidis

288 2305 368 2385 loqui
400 2303 496 2384 potuit
529 2321 627 2383 neque
654 2298 749 2384 γενεά
770 2302 827 2364 hoc
857 2303 921 2363 loco
945 2303 1093 2382 degente
1119 2303 1349 2381 intellegendum
1374 2310 1428 2376 est,

288 2406 340 2468 sed
363 2404 399 2466 de
419 2421 553 2483 genero
579 2403 624 2464 vel
648 2401 772 2481 origine.
815 2401 1041 2481 Peropportune
1063 2401 1152 2481 igitur
1174 2401 1263 2462 schol.
1287 2400 1372 2464 Laur.
1396 2402 1428 2464 in

287 2502 430 2584 principio
453 2500 649 2563 adnotationis
672 2501 708 2562 ad
730 2499 757 2560 h.
775 2517 800 2561 v.
823 2499 982 2562 lectionem
1007 2496 1176 2581 Οισοφίδα
1190 2499 1268 2561 haud
1292 2499 1378 2563 dubie
1393 2520 1428 2562 ex

288 2597 470 2684 Οισοφίδας
491 2600 587 2662 forma
602 2599 704 2662 Dorica
728 2618 780 2679 pro
802 2595 984 2682 Οισοφίδης
1003 2598 1154 2679 aptissima
1170 2598 1293 2662 carmini
1308 2599 1427 2662 chorico

288 2709 383 2764 ortam
405 2701 533 2762 tradidit.
579 2699 717 2780 Legimus
738 2698 831 2780 igitur
853 2718 920 2762 cum
942 2699 1105 2780 Hartungio

388 2844 408 2930 ἢ
430 2847 488 2921 τάς
510 2843 639 2911 ἀσώτου
661 2845 865 2930 Οισοφίάας
887 2845 1011 2926 γενεᾶς,

288 3009 317 3070 h.
348 3027 374 3068 e.
409 3006 470 3068 ‘vel
495 3005 610 3086 Sisyphi
639 3005 718 3086 filius
746 3005 878 3086 perditae
908 3005 988 3066 illiue
1022 3007 1138 3084 originis
1147 3004 1164 3064 '.
1208 3005 1366 3068 Genetivus
1394 3026 1426 3068 ea

288 3106 502 3186 significatione
535 3123 623 3186 quam
652 3103 741 3166 stetui
763 3123 824 3166 non
854 3104 987 3166 offendit.
1033 3104 1089 3177 Qui
1122 3121 1215 3184 quum
1248 3105 1287 3166 sit
1318 3123 1425 3168 casus

288 3204 519 3266 substantivi
534 3203 749 3265 definiendi
764 3203 952 3264 latissime
966 3211 1115 3283 patens,
1131 3202 1167 3264 of.
1186 3203 1426 3276 lluehsolrmenn,

288 3305 325 3366 de
347 3321 469 3365 casuum
492 3302 625 3364 doctrina
648 3321 696 3383 pp.
716 3301 774 3363 110
787 3321 830 3382 sq.
855 3311 885 3364 et
908 3300 969 3362 134
981 3321 1036 3382 sq,
1064 3301 1204 3363 audacius
1231 3322 1265 3364 eo
1287 3303 1335 3366 usi
1357 3312 1428 3366 sunt

286 3412 391 3484 poetae
414 3401 525 3464 Graeci.
566 3400 632 3481 lpse
655 3401 734 3462 enirn
758 3401 920 3481 Sophocles
943 3420 1032 3464 ausus
1054 3407 1099 3462 est
1121 3400 1219 3463 dicere
1239 3398 1318 3474 ναὸς
1339 3397 1427 3485 ἀρω-

287 3500 339 3583 ycl
358 3500 414 3584 τῆς
433 3501 579 3572 Αἴαντος
600 3499 737 3578 γενεᾶς
750 3501 901 3579 χθονίων
924 3495 984 3562 ἀπ’
1002 3495 1235 3583 Ἐρεχθειδῶν,
1251 3501 1295 3561 Αἰ.
1311 3519 1337 3561 r.
1354 3500 1426 3576 2012,

289 3601 325 3662 cf.
348 3599 482 3680 Seyfferti
505 3600 613 3671 adnot,
643 3599 694 3680 qui
717 3600 885 3680 genetivum
908 3600 940 3661 in
963 3599 1127 3662 Nauckium
1149 3599 1290 3661 defendit.
1334 3600 1425 3662 Poeta

288 3707 388 3762 autem
422 3717 481 3780 quo
513 3698 700 3778 perditam
735 3699 810 3762 Ulixi
838 3699 981 3780 originem
1009 3699 1125 3778 gravius
1148 3705 1237 3778 atque
1259 3699 1425 3779 expressius

287 3798 446 3860 verborum
469 3798 661 3860 collocatione
682 3798 868 3879 signiticaret,
892 3799 1113 3862 attributionem
1135 3795 1193 3870 τᾶς
1208 3792 1336 3860 ἀσώτου
1353 3797 1426 3860 suh-

287 3897 413 3958 stentivo
446 3895 558 3974 γενεᾶς
590 3899 761 3978 praeposuit
800 3899 976 3979 interposito
1017 3897 1199 3960 nominativo
1242 3896 1426 3978 Οισνφίδας

288 3995 444 4058 verborum
467 3997 699 4075 transgressione
721 4017 801 4071 usus,
834 4017 922 4078 quam
946 3997 1103 4078 inprimis
1126 3997 1203 4077 apud
1223 3996 1426 4077 Thucydidem

288 4105 318 4157 et
350 4104 452 4176 poetas
485 4095 661 4169 invenimus.
713 4097 755 4158 lta
783 4098 864 4158 Plato
898 4116 1017 4178 quoquc
1050 4103 1154 4158 nostro
1182 4095 1332 4158 simillimo
1359 4097 1424 4160 loeo

289 4195 376 4258 verba
404 4195 552 4256 collacavit
578 4195 614 4257 de
641 4215 673 4258 re
700 4195 779 4276 publ.
809 4215 837 4276 p.
854 4196 913 4256 4οΙ
931 4197 978 4258 Β.;
1013 4189 1066 4276 ἀρ’
1093 4188 1152 4257 οὖν
1174 4203 1245 4268 τοῖς
1267 4205 1424 4278 ποιητατς

287 4286 368 4377 ἡμῖν
401 4291 636 4376 ἐπιστατητέον
669 4293 724 4354 καὶ
747 4295 1057 4376 προσαναγκαστέον
1082 4292 1141 4376 την
1169 4293 1236 4357 τοῦ
1264 4286 1426 4373 ἀγαθοῦ

289 4389 429 4458 εἰκόνα
446 4388 579 4554 ἔθους
600 4391 755 4476 ἐμποιεῖν
775 4400 846 4466 τοῖς
860 4387 1048 4476 ποιήμασιν
1058 4402 1125 4468 eto,
1142 4394 1248 4474 etipse
1264 4395 1424 4476 Sophocles

290 4493 322 4556 0.
346 4494 379 4556 ΙΙ.
404 4512 429 4554 v.
467 4491 563 4572 Ofsq.
