3266 5084
659 352 879 416 ..59...

203 531 307 592 malis'.
353 530 501 609 Pergitur:
533 535 600 610 ‘spe
627 529 707 590 enim
738 527 895 608 multivaga
923 529 1032 591 multos
1055 529 1173 610 quidem
1197 529 1344 601 delectari,

202 630 313 692 multos
348 647 417 690 vero
449 629 576 690 fraudari
611 627 812 708 inopinantes.
863 627 1012 708 Sapientis
1045 629 1125 690 enim
1158 629 1231 690 inno
1264 645 1344 690 esse:

202 729 312 791 malum
350 727 377 789 oi
414 727 569 808 aliquando
612 727 725 790 bonum
762 727 870 800 videri,
910 727 994 790 euius
1032 729 1165 790 animum
1204 729 1276 790 deus
1313 727 1345 788 io

201 827 397 890 mlamitatem
425 825 565 899 abducat,
595 845 660 889 esse
690 833 789 888 autem
822 845 911 908 quam
946 827 1102 890 minimum
1135 836 1255 908 tempos
1281 826 1346 888 sine

202 928 310 990 malis'.

286 1027 367 1099 Quae
389 1025 414 1086 si
436 1033 517 1088 reete
540 1025 668 1105 exposite
692 1033 772 1094 suot,
797 1032 919 1087 nostrae
941 1025 1102 1105 respondet
1125 1025 1269 1088 sententia
1293 1045 1345 1086 ex-

202 1135 297 1189 trema
318 1125 537 1204 antistrophee:
570 1119 714 1207 πράσσει
741 1115 776 1185 δ’
803 1118 973 1201 ὀλίγιστον
994 1121 1112 1207 χρόνον
1138 1122 1229 1198 ἐκτὸς
1255 1120 1345 1198 τίτας.

202 1227 359 1288 Poetarum
383 1225 463 1286 enirn
493 1239 587 1297 inore,
617 1233 649 1286 ut
671 1241 774 1286 versus
801 1224 944 1304 strophioi
971 1232 1001 1286 et
1023 1223 1226 1305 antistrophioi
1257 1224 1344 1286 etiam

201 1325 334 1406 partibus
358 1333 388 1385 et
411 1323 504 1384 verbis
527 1323 661 1402 singulis,
684 1341 746 1384 non
762 1323 859 1385 solum
876 1324 1008 1386 numeris
1025 1323 1214 1404 conveniant,
1231 1332 1345 1386 servato

202 1421 291 1485 verba
320 1419 412 1494 ἐκτὸς
439 1419 519 1496 ἄτας
546 1423 632 1503 plane
660 1423 767 1486 iisdem
797 1423 892 1502 posita
915 1433 985 1484 sunt
1008 1425 1199 1505 stropharum
1222 1425 1294 1485 loeis
1317 1430 1346 1484 et

201 1521 364 1584 sententiae
392 1523 479 1584 modo
503 1522 650 1584 contrarie
673 1539 829 1602 expressae
852 1523 973 1583 eaedem
996 1531 1076 1584 sunt.
1121 1523 1197 1584 Hine
1219 1522 1346 1584 eflicitur

202 1631 235 1684 ut
256 1640 311 1703 pro
335 1617 517 1704 πάγιπολις,
552 1623 631 1702 quod
665 1641 735 1684 sane
770 1621 890 1702 quidem
919 1621 1054 1701 explicari
1079 1639 1138 1684 non
1162 1630 1268 1702 potest,
1292 1622 1345 1682 ad-

203 1722 336 1784 verbium
360 1727 548 1801 exspectetur
563 1721 740 1782 sententiam
756 1720 923 1782 accuratius
939 1721 1089 1784 deliniens.
1128 1721 1190 1783 Hoc
1203 1721 1343 1784 Bruoolrii

201 1816 365 1902 πάμπολύ
398 1841 435 1897 γε
472 1837 533 1880 non
568 1829 622 1881 est.
677 1814 867 1901 Ποίμπολος
906 1819 984 1882 euim
1021 1821 1226 1900 plurimus,
1263 1839 1345 1900 per·

202 1937 306 1998 magn
317 1939 355 1981 us
372 1929 425 1993 est,
441 1927 475 1980 ut
491 1916 635 2001 πλῆθος,
652 1913 748 1996 ὄχλος
763 1919 836 1980 Plat.
853 1920 905 2000 leg.
923 1921 961 1980 lll
977 1939 1007 2000 p.
1025 1920 1084 1981 677
1092 1919 1125 1994 Ε,
1141 1921 1191 1982 llll
1205 1941 1233 2001 p.
1244 1919 1346 1992 819Α,

201 2014 397 2102 βοσκήματα
423 2057 464 2066 -
490 2037 553 2098 rep.
575 2019 600 2079 ll
620 2035 649 2098 p.
666 2017 727 2078 373
740 2017 773 2091 ll,
801 2015 903 2095 γέλως
930 2019 1080 2098 Aristoph.
1111 2019 1202 2099 equit.
1227 2039 1252 2080 v.
1275 2018 1345 2094 320,

201 2115 348 2198 τρόπαια
370 2117 446 2178 l‘lut.
470 2117 601 2198 Pompei.
625 2117 665 2176 45
694 2116 780 2177 simil.
803 2127 955 2179 vocantur.
1001 2117 1105 2198 Neque
1127 2119 1274 2180 sententia
1297 2136 1345 2179 re-

203 2217 343 2295 quiritur:
377 2217 462 2278 ‘otuu
494 2216 570 2298 quod
597 2215 709 2296 quidem
732 2233 925 2296 perunupnum
958 2227 999 2278 ert
1026 2217 1112 2278 molis
1134 2229 1174 2280 est
1198 2216 1345 2282 lilerum'.

203 2315 276 2376 Nam
300 2333 361 2376 non
384 2315 550 2377 subiectum
574 2306 672 2377 οδδὲν
694 2313 829 2392 θνατῶν
852 2315 1052 2378 deliniendum
1078 2325 1131 2388 est,
1155 2317 1205 2378 sed
1230 2317 1346 2396 praedi-

201 2413 275 2476 catio
314 2415 407 2496 ἕρπει
445 2411 536 2486 ἐκτὸς
573 2409 671 2488 ἄτας,
719 2423 752 2476 ut
788 2431 890 2477 versus
927 2415 1138 2496 respondentis
1177 2415 1346 2479 membrum

200 2504 348 2595 προίσσει
383 2509 474 2586 ἐκτός
506 2509 586 2585 ἄτας
619 2512 774 2592 temporali
812 2515 973 2576 accusativo
1015 2509 1185 2592 ὀλίγιστον
1218 2513 1345 2598 χρόνον.

200 2610 381 2672 Aduerbium
405 2612 520 2674 verosi
544 2620 656 2673 statuas
679 2607 843 2693 πάμπολυ
865 2633 940 2687 esse,
969 2613 1117 2676 sententia
1142 2615 1229 2694 plane
1251 2615 1345 2677 aliena

201 2711 267 2772 loeo
301 2709 441 2782 eflicitur,
479 2710 552 2770 nihil
585 2710 673 2790 longe
708 2710 752 2770 vel
785 2709 959 2790 longissime
993 2712 1077 2774 malis
1110 2713 1237 2776 liberum
1269 2733 1345 2777 esse.

203 2809 246 2870 uf.
263 2804 426 2890 πάμπολυ
442 2817 586 2893 κρατεῖν,
604 2803 764 2890 πάμπολυ
781 2805 953 2892 διαφέρειν
969 2811 1041 2872 Plat.
1059 2811 1180 2872 Phaedr.
1198 2831 1226 2892 p.
1244 2812 1345 2886 242B,

204 2907 294 2988 Soph.
311 2927 339 2987 p.
356 2905 461 2968 2551).
508 2907 679 2986 Legendum
702 2907 790 2987 igitur
812 2925 948 2988 propono
972 2905 1172 2990 πάμπανύ
1193 2904 1237 2987 γ’,
1266 2912 1344 2990 quod

167 3003 171 3010 '
204 3015 248 3067 est
271 3005 345 3086 apud
369 3005 494 3066 Dionem
518 3006 663 3068 Cassium.
702 2996 855 3068 Sententia
879 3005 938 3069 est:
963 3005 1238 3084 ιοδιιλείνοοοιοο,
1255 3018 1346 3073 notus

203 3105 280 3169 enim
311 3113 356 3166 est
377 3105 425 3166 hic
447 3112 602 3184 poetarum
625 3123 697 3167 usus
719 3107 817 3168 neutri
843 3107 961 3187 generis
984 3127 1038 3188 pro
1061 3109 1226 3182 masculini,
1254 3129 1345 3183 nemo,

204 3205 335 3284 inquam,
369 3215 504 3266 uersatur
536 3205 711 3278 montolium,
744 3205 812 3268 δαοι
838 3208 916 3279 oioit,
959 3207 1111 3269 omnino
1140 3208 1213 3271 liber
1237 3210 1345 3272 mulie'.

205 3303 247 3364 Cf.
265 3301 444 3382 Bacchylidis
467 3302 571 3383 fragm.
594 3303 625 3364 in
649 3304 765 3366 Stobaei
786 3305 996 3380 lloril.ll,14:

304 3427 464 3489 θνατοῖσι
487 3426 531 3510 μὴ
554 3428 656 3509 φῦναι
680 3431 848 3512 φέριστον,

303 3520 382 3607 μηδ’
406 3520 519 3588 ἀελίου
543 3526 719 3610 προσιδεῖν
741 3530 877 3611 φέγγος·

303 3620 445 3706 ὄλβιος
467 3619 502 3686 δ’
526 3621 665 3700 οὐδεὶς
687 3627 840 3710 βροτῶν

304 3721 436 3785 πάντα
458 3719 616 3807 χρόνον.

289 3869 313 3910 v.
339 3848 432 3912 1225.
477 3850 605 3912 Nuntius
629 3850 720 3912 choro
748 3862 850 3913 narrat
872 3873 903 3914 se
926 3853 1033 3916 vidisse
1056 3855 1237 3916 Haemouem
1261 3856 1345 3916 Anti·

205 3967 311 4028 genam
334 3958 482 4010 mortuam
507 3950 633 4014 mediam
657 3952 842 4032 complexum

305 4069 397 4152 εὐνῆς
417 4065 656 4157 ἀποιμώζοντα
677 4075 733 4159 τῆς
755 4068 841 4140 κάτω
863 4075 1003 4160 φθορὰν

305 4171 361 4234 καί
384 4171 509 4255 πατρὸς
530 4172 609 4256 ἔργα
631 4173 687 4238 καὶ
709 4172 747 4238 τὸ
768 4171 929 4259 δύστηνον
951 4172 1053 4254 λέχος.

204 4297 348 4360 Dubitant
369 4299 557 4380 interpretes,
587 4317 646 4380 quo
673 4301 761 4363 modo
785 4302 871 4364 verba
900 4297 994 4386 εὐνῆς
1020 4302 1076 4387 τῆς
1099 4299 1185 4366 κάτω
1209 4301 1345 4385 φθοράν

204 4404 235 4456 et
255 4393 292 4458 τὸ
315 4392 475 4479 δύστηνον
497 4393 590 4478 λέχος
616 4399 769 4480 explicent.
815 4403 910 4482 Atque
932 4401 1060 4466 Diodori
1084 4405 1249 4468 secundum
1278 4421 1345 4465 ver-

205 4513 272 4557 sum
300 4496 336 4558 ab
364 4496 574 4579 interpolatore
598 4501 754 4562 oonliotum
777 4519 841 4562 esse
863 4509 956 4582 potat,
987 4503 1066 4584 quod
1094 4512 1162 4584 post
1183 4504 1269 4567 rerba
1293 4503 1345 4565 ali-
