<?xml version="1.0" encoding="UTF-8"?>
<!DOCTYPE html PUBLIC "-//W3C//DTD XHTML 1.0 Transitional//EN"
    "http://www.w3.org/TR/xhtml1/DTD/xhtml1-transitional.dtd">
<html xmlns="http://www.w3.org/1999/xhtml" xml:lang="en" lang="en">
 <head>
  <title>
</title>
<meta http-equiv="Content-Type" content="text/html;charset=utf-8" />
  <meta name='ocr-system' content='tesseract 3.04.00' />
  <meta name='ocr-capabilities' content='ocr_page ocr_carea ocr_par ocr_line ocrx_word'/>
</head>
<body>
  <div class='ocr_page' id='page_1' title='image "./emendationeseti00mlgoog_0075.png"; bbox 0 0 3266 5084; ppageno 0'>
   <div class='ocr_carea' id='block_1_1' title="bbox 749 325 973 389">
    <p class='ocr_par' dir='ltr' id='par_1_1' title="bbox 749 325 973 389">
     <span class='ocr_line' id='line_1_1' title="bbox 749 325 973 389; baseline 0.009 -2"><span class='ocrx_word' id='word_1_1' title='bbox 749 331 791 370; x_wconf 95' lang='lat'><strong>·-</strong></span> <span class='ocrx_word' id='word_1_2' title='bbox 842 325 973 389; x_wconf 84' lang='grc' dir='ltr'><strong>ιο-</strong></span> 
     </span>
    </p>
   </div>
   <div class='ocr_carea' id='block_1_2' title="bbox 290 497 1435 782">
    <p class='ocr_par' dir='ltr' id='par_1_2' title="bbox 290 497 1435 782">
     <span class='ocr_line' id='line_1_2' title="bbox 290 497 1431 582; baseline -0.003 -16"><span class='ocrx_word' id='word_1_3' title='bbox 290 504 364 566; x_wconf 83' lang='grc' dir='ltr'><strong>Ηίοο</strong></span> <span class='ocrx_word' id='word_1_4' title='bbox 400 502 527 564; x_wconf 86' lang='lat' dir='ltr'><strong>elticitur</strong></span> <span class='ocrx_word' id='word_1_5' title='bbox 564 509 596 562; x_wconf 94' lang='lat' dir='ltr'><strong>ut</strong></span> <span class='ocrx_word' id='word_1_6' title='bbox 633 501 743 564; x_wconf 89' lang='lat' dir='ltr'><strong>chorus</strong></span> <span class='ocrx_word' id='word_1_7' title='bbox 779 500 876 564; x_wconf 87' lang='lat' dir='ltr'><strong>verbis</strong></span> <span class='ocrx_word' id='word_1_8' title='bbox 913 497 976 578; x_wconf 76' lang='grc' dir='ltr'><strong>ἐγώ</strong></span> <span class='ocrx_word' id='word_1_9' title='bbox 1012 498 1078 563; x_wconf 99' lang='grc' dir='ltr'><strong><em>κτλ.</em></strong></span> <span class='ocrx_word' id='word_1_10' title='bbox 1117 499 1194 562; x_wconf 87' lang='lat' dir='ltr'><strong>dicat</strong></span> <span class='ocrx_word' id='word_1_11' title='bbox 1226 521 1258 564; x_wconf 90' lang='lat' dir='ltr'><strong>se</strong></span> <span class='ocrx_word' id='word_1_12' title='bbox 1290 509 1431 582; x_wconf 89' lang='lat' dir='ltr'><strong>tanquam</strong></span> 
     </span>
     <span class='ocr_line' id='line_1_3' title="bbox 291 600 1432 684; baseline -0.002 -20"><span class='ocrx_word' id='word_1_13' title='bbox 291 609 554 684; x_wconf 80' lang='lat' dir='ltr'><strong>spectatorem</strong></span> <span class='ocrx_word' id='word_1_14' title='bbox 586 619 759 662; x_wconf 90' lang='lat' dir='ltr'><strong>securum</strong></span> <span class='ocrx_word' id='word_1_15' title='bbox 793 601 869 662; x_wconf 91' lang='lat' dir='ltr'><strong>illius</strong></span> <span class='ocrx_word' id='word_1_16' title='bbox 897 617 1013 680; x_wconf 82' lang='lat' dir='ltr'><strong>pugnae</strong></span> <span class='ocrx_word' id='word_1_17' title='bbox 1034 600 1217 662; x_wconf 79' lang='lat' dir='ltr'><strong>atrocitatem</strong></span> <span class='ocrx_word' id='word_1_18' title='bbox 1241 600 1432 664; x_wconf 86' lang='lat' dir='ltr'><strong>enarravissc.</strong></span> 
     </span>
     <span class='ocr_line' id='line_1_4' title="bbox 290 690 1435 782; baseline 0 -20"><span class='ocrx_word' id='word_1_19' title='bbox 290 701 427 781; x_wconf 84' lang='lat' dir='ltr'><strong>Reponas</strong></span> <span class='ocrx_word' id='word_1_20' title='bbox 474 699 564 778; x_wconf 82' lang='lat' dir='ltr'><strong>igitur</strong></span> <span class='ocrx_word' id='word_1_21' title='bbox 605 690 756 782; x_wconf 78' lang='grc' dir='ltr'><strong><em>θεατής</em></strong></span> <span class='ocrx_word' id='word_1_22' title='bbox 792 717 847 780; x_wconf 94' lang='lat' dir='ltr'><strong>pro</strong></span> <span class='ocrx_word' id='word_1_23' title='bbox 884 694 998 782; x_wconf 73' lang='grc' dir='ltr'><strong><em>μάτηρ.</em></strong></span> <span class='ocrx_word' id='word_1_24' title='bbox 1059 698 1206 762; x_wconf 84' lang='lat' dir='ltr'>Nimirum</span> <span class='ocrx_word' id='word_1_25' title='bbox 1250 699 1435 762; x_wconf 89' lang='lat' dir='ltr'><strong>aberraverat</strong></span> 
     </span>
    </p>
   </div>
   <div class='ocr_carea' id='block_1_3' title="bbox 290 792 1527 879">
    <p class='ocr_par' dir='ltr' id='par_1_3' title="bbox 290 792 1527 879">
     <span class='ocr_line' id='line_1_5' title="bbox 290 792 1527 879; baseline 0.001 -19"><span class='ocrx_word' id='word_1_26' title='bbox 290 798 427 862; x_wconf 90' lang='lat' dir='ltr'><strong>librarius</strong></span> <span class='ocrx_word' id='word_1_27' title='bbox 449 797 485 860; x_wconf 92' lang='lat' dir='ltr'><strong>ad</strong></span> <span class='ocrx_word' id='word_1_28' title='bbox 507 817 534 858; x_wconf 82' lang='grc' dir='ltr'><strong><em>ν.</em></strong></span> <span class='ocrx_word' id='word_1_29' title='bbox 552 795 613 859; x_wconf 88' lang='grc'><strong>530</strong></span> <span class='ocrx_word' id='word_1_30' title='bbox 635 792 768 879; x_wconf 83' lang='grc' dir='ltr'><strong><em>ματρός.</em></strong></span> <span class='ocrx_word' id='word_1_31' title='bbox 812 795 966 860; x_wconf 85' lang='lat' dir='ltr'><strong>Sententia</strong></span> <span class='ocrx_word' id='word_1_32' title='bbox 989 795 1078 876; x_wconf 85' lang='lat' dir='ltr'><strong>igitur</strong></span> <span class='ocrx_word' id='word_1_33' title='bbox 1101 796 1175 858; x_wconf 87' lang='lat' dir='ltr'><strong>haec</strong></span> <span class='ocrx_word' id='word_1_34' title='bbox 1198 802 1258 860; x_wconf 87' lang='lat' dir='ltr'><strong>est:</strong></span> <span class='ocrx_word' id='word_1_35' title='bbox 1283 803 1346 877; x_wconf 75' lang='lat' dir='ltr'><strong>‘epo</strong></span> <span class='ocrx_word' id='word_1_36' title='bbox 1367 807 1432 861; x_wconf 81' lang='lat' dir='ltr'><strong>lco-</strong></span> <span class='ocrx_word' id='word_1_37' title='bbox 1522 812 1527 822; x_wconf 88' lang='lat'><strong>·</strong></span> 
     </span>
    </p>
   </div>
   <div class='ocr_carea' id='block_1_4' title="bbox 292 896 1435 1270">
    <p class='ocr_par' dir='ltr' id='par_1_4' title="bbox 292 896 1435 1270">
     <span class='ocr_line' id='line_1_6' title="bbox 292 896 1435 979; baseline -0.003 -19"><span class='ocrx_word' id='word_1_38' title='bbox 292 917 378 979; x_wconf 84' lang='lat' dir='ltr'><strong>poam</strong></span> <span class='ocrx_word' id='word_1_39' title='bbox 392 904 531 976; x_wconf 85' lang='lat' dir='ltr'><strong>spectator</strong></span> <span class='ocrx_word' id='word_1_40' title='bbox 544 914 661 958; x_wconf 80' lang='lat' dir='ltr'><strong>securus</strong></span> <span class='ocrx_word' id='word_1_41' title='bbox 680 896 747 958; x_wconf 80' lang='lat' dir='ltr'><strong>doec</strong></span> <span class='ocrx_word' id='word_1_42' title='bbox 766 913 884 967; x_wconf 78' lang='lat' dir='ltr'><strong>coemo,</strong></span> <span class='ocrx_word' id='word_1_43' title='bbox 906 897 955 958; x_wconf 83' lang='lat' dir='ltr'><strong>sed</strong></span> <span class='ocrx_word' id='word_1_44' title='bbox 975 899 1064 976; x_wconf 73' lang='grc' dir='ltr'><strong><em>ολορο,</em></strong></span> <span class='ocrx_word' id='word_1_45' title='bbox 1086 899 1188 976; x_wconf 80' lang='lat' dir='ltr'><strong>quippe</strong></span> <span class='ocrx_word' id='word_1_46' title='bbox 1209 913 1281 976; x_wconf 81' lang='lat' dir='ltr'><strong>poce</strong></span> <span class='ocrx_word' id='word_1_47' title='bbox 1301 899 1435 958; x_wconf 83' lang='lat' dir='ltr'><strong>victorem</strong></span> 
     </span>
     <span class='ocr_line' id='line_1_7' title="bbox 292 992 1435 1075; baseline 0 -17"><span class='ocrx_word' id='word_1_48' title='bbox 292 1006 361 1058; x_wconf 86' lang='lat' dir='ltr'><strong>esset</strong></span> <span class='ocrx_word' id='word_1_49' title='bbox 376 1003 516 1066; x_wconf 75' lang='grc' dir='ltr'><strong><em>ιοιιιειινο,</em></strong></span> <span class='ocrx_word' id='word_1_50' title='bbox 537 992 657 1055; x_wconf 84' lang='lat' dir='ltr'><strong>sollicito</strong></span> <span class='ocrx_word' id='word_1_51' title='bbox 677 1003 807 1056; x_wconf 77' lang='lat' dir='ltr'><strong>cocetum</strong></span> <span class='ocrx_word' id='word_1_52' title='bbox 830 997 992 1056; x_wconf 73' lang='lat' dir='ltr'><strong>certaminis</strong></span> <span class='ocrx_word' id='word_1_53' title='bbox 1011 993 1210 1075; x_wconf 76' lang='lat' dir='ltr'><strong>cospectndot&#39;.</strong></span> <span class='ocrx_word' id='word_1_54' title='bbox 1256 994 1334 1056; x_wconf 83' lang='lat' dir='ltr'><strong>liaeo</strong></span> <span class='ocrx_word' id='word_1_55' title='bbox 1355 1003 1435 1058; x_wconf 89' lang='lat' dir='ltr'><strong>recte</strong></span> 
     </span>
     <span class='ocr_line' id='line_1_8' title="bbox 293 1091 1435 1174; baseline 0 -18"><span class='ocrx_word' id='word_1_56' title='bbox 293 1095 438 1174; x_wconf 89' lang='lat' dir='ltr'><strong>disputata</strong></span> <span class='ocrx_word' id='word_1_57' title='bbox 471 1111 537 1154; x_wconf 89' lang='lat' dir='ltr'><strong>esse</strong></span> <span class='ocrx_word' id='word_1_58' title='bbox 571 1111 606 1152; x_wconf 82' lang='lat' dir='ltr'><strong>ex</strong></span> <span class='ocrx_word' id='word_1_59' title='bbox 639 1091 733 1172; x_wconf 89' lang='lat' dir='ltr'><strong>ipsius</strong></span> <span class='ocrx_word' id='word_1_60' title='bbox 761 1091 914 1154; x_wconf 84' lang='lat' dir='ltr'><strong>Deianirae</strong></span> <span class='ocrx_word' id='word_1_61' title='bbox 943 1093 1040 1160; x_wconf 78' lang='lat' dir='ltr'><strong>verbis</strong></span> <span class='ocrx_word' id='word_1_62' title='bbox 1067 1112 1143 1174; x_wconf 88' lang='lat' dir='ltr'><strong>quae</strong></span> <span class='ocrx_word' id='word_1_63' title='bbox 1175 1092 1295 1174; x_wconf 78' lang='lat' dir='ltr'><strong>respicit</strong></span> <span class='ocrx_word' id='word_1_64' title='bbox 1327 1093 1435 1156; x_wconf 90' lang='lat' dir='ltr'><strong>chorus</strong></span> 
     </span>
     <span class='ocr_line' id='line_1_9' title="bbox 294 1186 607 1270; baseline -0.019 -16"><span class='ocrx_word' id='word_1_65' title='bbox 294 1191 407 1270; x_wconf 84' lang='lat' dir='ltr'><strong>colligo,</strong></span> <span class='ocrx_word' id='word_1_66' title='bbox 430 1209 472 1250; x_wconf 83' lang='lat' dir='ltr'><strong>vv.</strong></span> <span class='ocrx_word' id='word_1_67' title='bbox 493 1186 607 1270; x_wconf 70' lang='lat' dir='ltr'><strong>19sqq,</strong></span> 
     </span>
    </p>
   </div>
   <div class='ocr_carea' id='block_1_5' title="bbox 395 1319 1387 1803">
    <p class='ocr_par' dir='ltr' id='par_1_5' title="bbox 395 1319 1170 1410">
     <span class='ocr_line' id='line_1_10' title="bbox 395 1319 1170 1410; baseline -0.004 -18"><span class='ocrx_word' id='word_1_68' title='bbox 395 1325 413 1392; x_wconf 83' lang='lat' dir='ltr'><strong>d</strong></span> <span class='ocrx_word' id='word_1_69' title='bbox 436 1323 562 1399; x_wconf 79' lang='grc' dir='ltr'><strong><em>κλεινὸς</em></strong></span> <span class='ocrx_word' id='word_1_70' title='bbox 584 1319 669 1409; x_wconf 78' lang='grc' dir='ltr'><strong><em>ἦλθε</em></strong></span> <span class='ocrx_word' id='word_1_71' title='bbox 692 1323 798 1408; x_wconf 82' lang='grc' dir='ltr'><strong><em>Ζηνὸς</em></strong></span> <span class='ocrx_word' id='word_1_72' title='bbox 815 1322 995 1410; x_wconf 74' lang='grc' dir='ltr'><strong>Ἀλκμήνης</strong></span> <span class='ocrx_word' id='word_1_73' title='bbox 1016 1351 1051 1390; x_wconf 82' lang='grc' dir='ltr'><strong>τε</strong></span> <span class='ocrx_word' id='word_1_74' title='bbox 1073 1335 1170 1402; x_wconf 77' lang='grc' dir='ltr'><strong><em>παῖς·</em></strong></span> 
     </span>
    </p>

    <p class='ocr_par' dir='ltr' id='par_1_6' title="bbox 395 1420 1173 1508">
     <span class='ocr_line' id='line_1_11' title="bbox 395 1420 1173 1508; baseline -0.005 -18"><span class='ocrx_word' id='word_1_75' title='bbox 395 1422 431 1500; x_wconf 79' lang='grc' dir='ltr'><strong>ὃς</strong></span> <span class='ocrx_word' id='word_1_76' title='bbox 454 1426 502 1498; x_wconf 74' lang='grc' dir='ltr'><strong>εἰς</strong></span> <span class='ocrx_word' id='word_1_77' title='bbox 524 1420 635 1502; x_wconf 74' lang='grc' dir='ltr'><strong><em>ἀγῶνα</em></strong></span> <span class='ocrx_word' id='word_1_78' title='bbox 657 1422 742 1508; x_wconf 77' lang='grc' dir='ltr'><strong>τῷδε</strong></span> <span class='ocrx_word' id='word_1_79' title='bbox 764 1425 942 1507; x_wconf 80' lang='grc' dir='ltr'><strong><em>συμπεσών</em></strong></span> <span class='ocrx_word' id='word_1_80' title='bbox 964 1423 1070 1508; x_wconf 79' lang='grc' dir='ltr'><strong><em>μάχης</em></strong></span> <span class='ocrx_word' id='word_1_81' title='bbox 1169 1421 1173 1427; x_wconf 71' lang='grc'><strong>’</strong></span> 
     </span>
    </p>

    <p class='ocr_par' dir='ltr' id='par_1_7' title="bbox 395 1519 1219 1606">
     <span class='ocr_line' id='line_1_12' title="bbox 395 1519 1219 1606; baseline 0 -20"><span class='ocrx_word' id='word_1_82' title='bbox 395 1520 543 1586; x_wconf 80' lang='grc' dir='ltr'><strong><em>ἕκλύεταί</em></strong></span> <span class='ocrx_word' id='word_1_83' title='bbox 567 1542 616 1604; x_wconf 82' lang='grc' dir='ltr'><strong>με.</strong></span> <span class='ocrx_word' id='word_1_84' title='bbox 647 1521 712 1584; x_wconf 82' lang='grc' dir='ltr'><strong>καὶ</strong></span> <span class='ocrx_word' id='word_1_85' title='bbox 734 1519 892 1606; x_wconf 78' lang='grc' dir='ltr'><strong><em>τρόπον</em></strong></span> <span class='ocrx_word' id='word_1_86' title='bbox 913 1519 986 1606; x_wconf 78' lang='grc' dir='ltr'><strong><em>μὲν</em></strong></span> <span class='ocrx_word' id='word_1_87' title='bbox 1010 1519 1057 1586; x_wconf 79' lang='lat' dir='ltr'><strong>cir</strong></span> <span class='ocrx_word' id='word_1_88' title='bbox 1079 1519 1219 1586; x_wconf 84' lang='grc' dir='ltr'><strong><em>πόνων</em></strong></span> 
     </span>
    </p>

    <p class='ocr_par' dir='ltr' id='par_1_8' title="bbox 397 1609 1387 1803">
     <span class='ocr_line' id='line_1_13' title="bbox 397 1609 1387 1706; baseline 0 -21"><span class='ocrx_word' id='word_1_89' title='bbox 397 1618 466 1685; x_wconf 76' lang='grc' dir='ltr'><strong>οὐκ</strong></span> <span class='ocrx_word' id='word_1_90' title='bbox 489 1618 536 1684; x_wconf 82' lang='grc' dir='ltr'><strong><em>ἂν</em></strong></span> <span class='ocrx_word' id='word_1_91' title='bbox 558 1616 783 1702; x_wconf 63' lang='grc' dir='ltr'><strong><em>διοίποιρά·</em></strong></span> <span class='ocrx_word' id='word_1_92' title='bbox 814 1617 856 1684; x_wconf 81' lang='grc' dir='ltr'><strong>οὗ</strong></span> <span class='ocrx_word' id='word_1_93' title='bbox 878 1620 953 1704; x_wconf 75' lang='grc' dir='ltr'><strong>γάρ</strong></span> <span class='ocrx_word' id='word_1_94' title='bbox 976 1609 1069 1698; x_wconf 78' lang='grc' dir='ltr'><strong><em>οἶδ’,</em></strong></span> <span class='ocrx_word' id='word_1_95' title='bbox 1094 1619 1179 1686; x_wconf 78' lang='grc' dir='ltr'><strong><em>ἀλλ’</em></strong></span> <span class='ocrx_word' id='word_1_96' title='bbox 1202 1618 1319 1697; x_wconf 81' lang='grc' dir='ltr'><strong><em>ὅστις</em></strong></span> <span class='ocrx_word' id='word_1_97' title='bbox 1342 1617 1387 1706; x_wconf 79' lang='grc' dir='ltr'><strong><em>ἦν</em></strong></span> 
     </span>
     <span class='ocr_line' id='line_1_14' title="bbox 397 1707 1267 1803; baseline 0.002 -21"><span class='ocrx_word' id='word_1_98' title='bbox 397 1719 536 1782; x_wconf 78' lang='grc' dir='ltr'><strong><em>θακῶν</em></strong></span> <span class='ocrx_word' id='word_1_99' title='bbox 558 1707 742 1802; x_wconf 77' lang='grc' dir='ltr'><strong><em>άτοιρβὴς</em></strong></span> <span class='ocrx_word' id='word_1_100' title='bbox 763 1719 831 1803; x_wconf 82' lang='grc' dir='ltr'><strong>τῆς</strong></span> <span class='ocrx_word' id='word_1_101' title='bbox 852 1719 967 1794; x_wconf 82' lang='grc' dir='ltr'><strong><em>θεάς,</em></strong></span> <span class='ocrx_word' id='word_1_102' title='bbox 991 1716 1051 1784; x_wconf 79' lang='grc' dir='ltr'><strong>ὅδ’</strong></span> <span class='ocrx_word' id='word_1_103' title='bbox 1074 1717 1121 1784; x_wconf 84' lang='grc' dir='ltr'><strong><em>άν</em></strong></span> <span class='ocrx_word' id='word_1_104' title='bbox 1142 1719 1267 1800; x_wconf 80' lang='grc' dir='ltr'><strong><em>λέγοι.</em></strong></span> 
     </span>
    </p>
   </div>
   <div class='ocr_carea' id='block_1_6' title="bbox 219 1857 1442 2519">
    <p class='ocr_par' dir='ltr' id='par_1_9' title="bbox 219 1857 1442 2352">
     <span class='ocr_line' id='line_1_15' title="bbox 383 1857 1440 1942; baseline 0 -22"><span class='ocrx_word' id='word_1_105' title='bbox 383 1879 409 1921; x_wconf 90' lang='lat' dir='ltr'><strong>v.</strong></span> <span class='ocrx_word' id='word_1_106' title='bbox 432 1859 505 1920; x_wconf 77' lang='lat'>549.</span> <span class='ocrx_word' id='word_1_107' title='bbox 549 1857 657 1920; x_wconf 87' lang='lat' dir='ltr'><strong>Maesta</strong></span> <span class='ocrx_word' id='word_1_108' title='bbox 691 1858 728 1920; x_wconf 92' lang='lat' dir='ltr'><strong>de</strong></span> <span class='ocrx_word' id='word_1_109' title='bbox 759 1858 857 1920; x_wconf 92' lang='lat' dir='ltr'><strong>mariti</strong></span> <span class='ocrx_word' id='word_1_110' title='bbox 890 1859 964 1920; x_wconf 91' lang='lat' dir='ltr'><strong>mala</strong></span> <span class='ocrx_word' id='word_1_111' title='bbox 997 1859 1068 1934; x_wconf 85' lang='lat' dir='ltr'><strong>tide,</strong></span> <span class='ocrx_word' id='word_1_112' title='bbox 1102 1860 1153 1942; x_wconf 91' lang='lat' dir='ltr'><strong>qui</strong></span> <span class='ocrx_word' id='word_1_113' title='bbox 1182 1861 1261 1922; x_wconf 91' lang='lat' dir='ltr'><strong>lolen</strong></span> <span class='ocrx_word' id='word_1_114' title='bbox 1295 1860 1440 1940; x_wconf 86' lang='lat' dir='ltr'><strong>captivam</strong></span> 
     </span>
     <span class='ocr_line' id='line_1_16' title="bbox 299 1955 1441 2040; baseline 0.001 -21"><span class='ocrx_word' id='word_1_115' title='bbox 299 1957 528 2040; x_wconf 86' lang='lat' dir='ltr'><strong>pulcherrimam</strong></span> <span class='ocrx_word' id='word_1_116' title='bbox 552 1956 675 2018; x_wconf 90' lang='lat' dir='ltr'><strong>domum</strong></span> <span class='ocrx_word' id='word_1_117' title='bbox 698 1975 783 2018; x_wconf 91' lang='lat' dir='ltr'><strong>suam</strong></span> <span class='ocrx_word' id='word_1_118' title='bbox 799 1955 940 2036; x_wconf 88' lang='lat' dir='ltr'><strong>paelicem</strong></span> <span class='ocrx_word' id='word_1_119' title='bbox 957 1957 1089 2030; x_wconf 86' lang='lat' dir='ltr'><strong>miserat,</strong></span> <span class='ocrx_word' id='word_1_120' title='bbox 1113 1957 1247 2020; x_wconf 86' lang='lat' dir='ltr'><strong>Deianira</strong></span> <span class='ocrx_word' id='word_1_121' title='bbox 1263 1959 1298 2020; x_wconf 91' lang='lat' dir='ltr'><strong>ad</strong></span> <span class='ocrx_word' id='word_1_122' title='bbox 1315 1960 1441 2021; x_wconf 91' lang='lat' dir='ltr'><strong>chorum</strong></span> 
     </span>
     <span class='ocr_line' id='line_1_17' title="bbox 219 2047 1442 2137; baseline -0.001 -19"><span class='ocrx_word' id='word_1_123' title='bbox 219 2047 232 2066; x_wconf 77' lang='grc'><strong><em>’</em></strong></span> <span class='ocrx_word' id='word_1_124' title='bbox 299 2057 446 2137; x_wconf 88' lang='lat' dir='ltr'><strong>queritur:</strong></span> <span class='ocrx_word' id='word_1_125' title='bbox 477 2074 508 2115; x_wconf 92' lang='lat' dir='ltr'><strong>se</strong></span> <span class='ocrx_word' id='word_1_126' title='bbox 530 2072 598 2116; x_wconf 93' lang='lat' dir='ltr'><strong>cum</strong></span> <span class='ocrx_word' id='word_1_127' title='bbox 622 2054 668 2116; x_wconf 90' lang='lat' dir='ltr'><strong>illa</strong></span> <span class='ocrx_word' id='word_1_128' title='bbox 691 2055 793 2116; x_wconf 92' lang='lat' dir='ltr'><strong>eadem</strong></span> <span class='ocrx_word' id='word_1_129' title='bbox 816 2054 847 2116; x_wconf 93' lang='lat' dir='ltr'><strong>in</strong></span> <span class='ocrx_word' id='word_1_130' title='bbox 870 2056 958 2117; x_wconf 92' lang='lat' dir='ltr'><strong>domo</strong></span> <span class='ocrx_word' id='word_1_131' title='bbox 982 2055 1112 2118; x_wconf 85' lang='lat' dir='ltr'><strong>babitare</strong></span> <span class='ocrx_word' id='word_1_132' title='bbox 1135 2075 1196 2120; x_wconf 90' lang='lat' dir='ltr'><strong>non</strong></span> <span class='ocrx_word' id='word_1_133' title='bbox 1218 2075 1313 2137; x_wconf 86' lang='lat' dir='ltr'><strong>posse,</strong></span> <span class='ocrx_word' id='word_1_134' title='bbox 1345 2056 1442 2117; x_wconf 91' lang='lat' dir='ltr'><strong>videre</strong></span> 
     </span>
     <span class='ocr_line' id='line_1_18' title="bbox 286 2151 1442 2233; baseline 0.002 -21"><span class='ocrx_word' id='word_1_135' title='bbox 286 2155 377 2218; x_wconf 68' lang='lat' dir='ltr'><strong>,enim</strong></span> <span class='ocrx_word' id='word_1_136' title='bbox 402 2174 434 2216; x_wconf 92' lang='lat' dir='ltr'><strong>se</strong></span> <span class='ocrx_word' id='word_1_137' title='bbox 457 2153 578 2214; x_wconf 87' lang='lat' dir='ltr'><strong>alteram</strong></span> <span class='ocrx_word' id='word_1_138' title='bbox 597 2152 782 2214; x_wconf 90' lang='lat' dir='ltr'><strong>iuventutem</strong></span> <span class='ocrx_word' id='word_1_139' title='bbox 798 2161 1046 2233; x_wconf 88' lang='lat' dir='ltr'><strong>procrescentem‚</strong></span> <span class='ocrx_word' id='word_1_140' title='bbox 1070 2155 1192 2217; x_wconf 90' lang='lat' dir='ltr'><strong>alteram</strong></span> <span class='ocrx_word' id='word_1_141' title='bbox 1208 2151 1442 2216; x_wconf 87' lang='lat' dir='ltr'><strong>evanescentem.</strong></span> 
     </span>
     <span class='ocr_line' id='line_1_19' title="bbox 300 2254 728 2352; baseline -0.007 -37"><span class='ocrx_word' id='word_1_142' title='bbox 300 2254 427 2339; x_wconf 72' lang='lat' dir='ltr'><strong>Pergit:v</strong></span> <span class='ocrx_word' id='word_1_143' title='bbox 715 2325 728 2352; x_wconf 36' lang='grc' dir='ltr'><strong><em>τ</em></strong></span> 
     </span>
    </p>

    <p class='ocr_par' dir='ltr' id='par_1_10' title="bbox 400 2329 1209 2519">
     <span class='ocr_line' id='line_1_20' title="bbox 703 2329 1101 2420; baseline 0.008 -25"><span class='ocrx_word' id='word_1_144' title='bbox 703 2355 748 2397; x_wconf 88' lang='grc' dir='ltr'><strong><em>ων</em></strong></span> <span class='ocrx_word' id='word_1_145' title='bbox 770 2329 985 2417; x_wconf 70' lang='grc' dir='ltr'><em>ἀφαρπάζειν</em></span> <span class='ocrx_word' id='word_1_146' title='bbox 1007 2333 1101 2420; x_wconf 73' lang='grc' dir='ltr'><strong><em>φιλεῖ</em></strong></span> 
     </span>
     <span class='ocr_line' id='line_1_21' title="bbox 400 2427 1209 2519; baseline -0.001 -22"><span class='ocrx_word' id='word_1_147' title='bbox 400 2430 582 2516; x_wconf 81' lang='grc' dir='ltr'><strong><em>ὀφθαλμός</em></strong></span> <span class='ocrx_word' id='word_1_148' title='bbox 604 2428 719 2505; x_wconf 86' lang='grc' dir='ltr'><strong><em>ἄνθος,</em></strong></span> <span class='ocrx_word' id='word_1_149' title='bbox 742 2432 807 2495; x_wconf 79' lang='grc' dir='ltr'><strong><em>τῶν</em></strong></span> <span class='ocrx_word' id='word_1_150' title='bbox 829 2429 861 2495; x_wconf 80' lang='lat' dir='ltr'><strong>‹l‘</strong></span> <span class='ocrx_word' id='word_1_151' title='bbox 884 2427 1083 2519; x_wconf 76' lang='grc' dir='ltr'><strong><em>ὐποκτρέπει</em></strong></span> <span class='ocrx_word' id='word_1_152' title='bbox 1107 2429 1209 2498; x_wconf 76' lang='lat' dir='ltr'><strong>radda.</strong></span> 
     </span>
    </p>
   </div>
   <div class='ocr_carea' id='block_1_7' title="bbox 301 2569 1453 4526">
    <p class='ocr_par' dir='ltr' id='par_1_11' title="bbox 301 2569 1453 4526">
     <span class='ocr_line' id='line_1_22' title="bbox 301 2569 1446 2654; baseline 0 -18"><span class='ocrx_word' id='word_1_153' title='bbox 301 2575 382 2648; x_wconf 87' lang='lat' dir='ltr'><strong>Quae</strong></span> <span class='ocrx_word' id='word_1_154' title='bbox 397 2573 491 2634; x_wconf 79' lang='lat' dir='ltr'><strong>uerba</strong></span> <span class='ocrx_word' id='word_1_155' title='bbox 513 2593 529 2634; x_wconf 91' lang='lat' dir='ltr'><strong>a</strong></span> <span class='ocrx_word' id='word_1_156' title='bbox 553 2571 643 2632; x_wconf 92' lang='lat' dir='ltr'><strong>schol.</strong></span> <span class='ocrx_word' id='word_1_157' title='bbox 668 2571 756 2633; x_wconf 89' lang='lat' dir='ltr'><strong>Laur.</strong></span> <span class='ocrx_word' id='word_1_158' title='bbox 780 2573 821 2634; x_wconf 92' lang='lat' dir='ltr'><strong>sic</strong></span> <span class='ocrx_word' id='word_1_159' title='bbox 844 2573 1041 2654; x_wconf 85' lang='lat' dir='ltr'><strong>explicantur:</strong></span> <span class='ocrx_word' id='word_1_160' title='bbox 1076 2571 1112 2636; x_wconf 86' lang='grc' dir='ltr'><strong>τὸ</strong></span> <span class='ocrx_word' id='word_1_161' title='bbox 1141 2569 1248 2648; x_wconf 87' lang='grc' dir='ltr'><strong><em>άνθος</em></strong></span> <span class='ocrx_word' id='word_1_162' title='bbox 1273 2575 1338 2637; x_wconf 82' lang='grc' dir='ltr'><strong><em>τῶν</em></strong></span> <span class='ocrx_word' id='word_1_163' title='bbox 1364 2576 1446 2637; x_wconf 85' lang='grc' dir='ltr'><strong><em>νέων</em></strong></span> 
     </span>
     <span class='ocr_line' id='line_1_23' title="bbox 301 2663 1447 2756; baseline 0 -22"><span class='ocrx_word' id='word_1_164' title='bbox 301 2669 462 2751; x_wconf 79' lang='grc' dir='ltr'><strong><em>γυναικῶν</em></strong></span> <span class='ocrx_word' id='word_1_165' title='bbox 488 2667 582 2752; x_wconf 77' lang='grc' dir='ltr'><strong><em>φιλεῖ</em></strong></span> <span class='ocrx_word' id='word_1_166' title='bbox 607 2663 773 2752; x_wconf 76' lang='grc' dir='ltr'><strong><em>ἁρπάζειν</em></strong></span> <span class='ocrx_word' id='word_1_167' title='bbox 796 2666 813 2733; x_wconf 88' lang='lat' dir='ltr'><strong>o‘</strong></span> <span class='ocrx_word' id='word_1_168' title='bbox 840 2665 1022 2754; x_wconf 72' lang='grc' dir='ltr'><strong><em>ὀφθαλμὸς</em></strong></span> <span class='ocrx_word' id='word_1_169' title='bbox 1047 2671 1105 2733; x_wconf 83' lang='grc' dir='ltr'><strong>τοῦ</strong></span> <span class='ocrx_word' id='word_1_170' title='bbox 1131 2665 1259 2756; x_wconf 78' lang='grc' dir='ltr'><strong><em>ἀνδρός.</em></strong></span> <span class='ocrx_word' id='word_1_171' title='bbox 1309 2672 1383 2735; x_wconf 75' lang='grc' dir='ltr'><strong><em>Τῶν</em></strong></span> <span class='ocrx_word' id='word_1_172' title='bbox 1409 2670 1447 2734; x_wconf 82' lang='grc' dir='ltr'><strong>δὲ</strong></span> 
     </span>
     <span class='ocr_line' id='line_1_24' title="bbox 301 2763 1448 2853; baseline -0.002 -20"><span class='ocrx_word' id='word_1_173' title='bbox 301 2767 530 2850; x_wconf 65' lang='lat' dir='ltr'><strong>increpasse,</strong></span> <span class='ocrx_word' id='word_1_174' title='bbox 566 2763 720 2850; x_wconf 82' lang='grc' dir='ltr'><strong><em>δηλονότι</em></strong></span> <span class='ocrx_word' id='word_1_175' title='bbox 749 2768 815 2832; x_wconf 78' lang='grc' dir='ltr'><strong><em>τάν</em></strong></span> <span class='ocrx_word' id='word_1_176' title='bbox 843 2763 1083 2853; x_wconf 76' lang='grc' dir='ltr'><strong><em>πρεσβυτέρων.</em></strong></span> <span class='ocrx_word' id='word_1_177' title='bbox 1138 2771 1319 2834; x_wconf 90' lang='lat' dir='ltr'><strong>Pronomina</strong></span> <span class='ocrx_word' id='word_1_178' title='bbox 1356 2771 1448 2850; x_wconf 86' lang='lat' dir='ltr'><strong>igitur</strong></span> 
     </span>
     <span class='ocr_line' id='line_1_25' title="bbox 304 2863 1447 2944; baseline -0.003 -11"><span class='ocrx_word' id='word_1_179' title='bbox 304 2863 350 2933; x_wconf 79' lang='grc' dir='ltr'><strong><em>ὦν</em></strong></span> <span class='ocrx_word' id='word_1_180' title='bbox 379 2879 409 2930; x_wconf 89' lang='lat' dir='ltr'><strong>et</strong></span> <span class='ocrx_word' id='word_1_181' title='bbox 437 2867 502 2930; x_wconf 78' lang='lat' dir='ltr'><strong>cuir</strong></span> <span class='ocrx_word' id='word_1_182' title='bbox 531 2867 566 2928; x_wconf 92' lang='lat' dir='ltr'><strong>ad</strong></span> <span class='ocrx_word' id='word_1_183' title='bbox 601 2867 741 2929; x_wconf 90' lang='lat' dir='ltr'><strong>mulieres</strong></span> <span class='ocrx_word' id='word_1_184' title='bbox 774 2867 805 2930; x_wconf 91' lang='lat' dir='ltr'><strong>in</strong></span> <span class='ocrx_word' id='word_1_185' title='bbox 835 2869 1003 2930; x_wconf 89' lang='lat' dir='ltr'><strong>universum</strong></span> <span class='ocrx_word' id='word_1_186' title='bbox 1032 2869 1193 2944; x_wconf 87' lang='lat' dir='ltr'><strong>referebat,</strong></span> <span class='ocrx_word' id='word_1_187' title='bbox 1229 2871 1281 2932; x_wconf 91' lang='lat' dir='ltr'><strong>sed</strong></span> <span class='ocrx_word' id='word_1_188' title='bbox 1311 2869 1447 2932; x_wconf 84' lang='lat' dir='ltr'><strong>Deianira</strong></span> 
     </span>
     <span class='ocr_line' id='line_1_26' title="bbox 303 2965 1448 3048; baseline -0.002 -18"><span class='ocrx_word' id='word_1_189' title='bbox 303 2975 419 3031; x_wconf 86' lang='lat' dir='ltr'><strong>tantum</strong></span> <span class='ocrx_word' id='word_1_190' title='bbox 443 2967 479 3028; x_wconf 89' lang='lat' dir='ltr'><strong>de</strong></span> <span class='ocrx_word' id='word_1_191' title='bbox 501 2965 579 3028; x_wconf 87' lang='lat' dir='ltr'><strong>lolae</strong></span> <span class='ocrx_word' id='word_1_192' title='bbox 602 2965 807 3028; x_wconf 84' lang='lat' dir='ltr'><strong>efflorescente</strong></span> <span class='ocrx_word' id='word_1_193' title='bbox 829 2975 923 3028; x_wconf 90' lang='lat' dir='ltr'><strong>aetate</strong></span> <span class='ocrx_word' id='word_1_194' title='bbox 945 2974 1035 3048; x_wconf 87' lang='lat' dir='ltr'><strong>atque</strong></span> <span class='ocrx_word' id='word_1_195' title='bbox 1057 2986 1109 3028; x_wconf 89' lang='lat' dir='ltr'><strong>sua</strong></span> <span class='ocrx_word' id='word_1_196' title='bbox 1126 2978 1328 3030; x_wconf 90' lang='lat' dir='ltr'><strong>marcescente</strong></span> <span class='ocrx_word' id='word_1_197' title='bbox 1350 2967 1448 3048; x_wconf 88' lang='lat' dir='ltr'><strong>loqui-</strong></span> 
     </span>
     <span class='ocr_line' id='line_1_27' title="bbox 303 3056 1447 3144; baseline -0.002 -16"><span class='ocrx_word' id='word_1_198' title='bbox 303 3077 360 3128; x_wconf 90' lang='lat' dir='ltr'><strong>tur.</strong></span> <span class='ocrx_word' id='word_1_199' title='bbox 417 3064 535 3126; x_wconf 82' lang='lat' dir='ltr'><strong>Rectius</strong></span> <span class='ocrx_word' id='word_1_200' title='bbox 568 3063 657 3142; x_wconf 85' lang='lat' dir='ltr'><strong>igitur</strong></span> <span class='ocrx_word' id='word_1_201' title='bbox 689 3064 763 3125; x_wconf 90' lang='lat' dir='ltr'><strong>alter</strong></span> <span class='ocrx_word' id='word_1_202' title='bbox 796 3065 887 3126; x_wconf 90' lang='lat' dir='ltr'><strong>schol.</strong></span> <span class='ocrx_word' id='word_1_203' title='bbox 921 3065 1007 3128; x_wconf 91' lang='lat' dir='ltr'><strong>Laur.</strong></span> <span class='ocrx_word' id='word_1_204' title='bbox 1042 3065 1271 3144; x_wconf 91' lang='lat' dir='ltr'><strong>interpretatur:</strong></span> <span class='ocrx_word' id='word_1_205' title='bbox 1313 3056 1357 3128; x_wconf 81' lang='grc' dir='ltr'><strong><em>ὦν</em></strong></span> <span class='ocrx_word' id='word_1_206' title='bbox 1387 3062 1447 3128; x_wconf 81' lang='grc' dir='ltr'><strong>δύο</strong></span> 
     </span>
     <span class='ocr_line' id='line_1_28' title="bbox 303 3156 1449 3248; baseline 0.001 -23"><span class='ocrx_word' id='word_1_207' title='bbox 303 3161 440 3248; x_wconf 77' lang='grc' dir='ltr'><strong><em>ἡλικιῶν</em></strong></span> <span class='ocrx_word' id='word_1_208' title='bbox 455 3159 513 3243; x_wconf 77' lang='grc' dir='ltr'><strong><em>τὴν</em></strong></span> <span class='ocrx_word' id='word_1_209' title='bbox 529 3157 709 3232; x_wconf 83' lang='grc' dir='ltr'><strong><em>νεάζοοσοιν</em></strong></span> <span class='ocrx_word' id='word_1_210' title='bbox 725 3156 888 3245; x_wconf 80' lang='grc' dir='ltr'><strong><em>ἁρπάζειν</em></strong></span> <span class='ocrx_word' id='word_1_211' title='bbox 909 3165 1032 3225; x_wconf 82' lang='grc' dir='ltr'><strong><em>εἴωθεν</em></strong></span> <span class='ocrx_word' id='word_1_212' title='bbox 1052 3159 1071 3226; x_wconf 84' lang='lat' dir='ltr'><strong>d</strong></span> <span class='ocrx_word' id='word_1_213' title='bbox 1092 3161 1151 3225; x_wconf 81' lang='lat' dir='ltr'><strong>ccii</strong></span> <span class='ocrx_word' id='word_1_214' title='bbox 1168 3157 1288 3246; x_wconf 79' lang='grc' dir='ltr'><strong><em>ἀνδρὸς</em></strong></span> <span class='ocrx_word' id='word_1_215' title='bbox 1310 3156 1449 3246; x_wconf 74' lang='grc' dir='ltr'><strong><em>ὀφθαλ-</em></strong></span> 
     </span>
     <span class='ocr_line' id='line_1_29' title="bbox 304 3257 1448 3344; baseline -0.001 -19"><span class='ocrx_word' id='word_1_216' title='bbox 304 3260 375 3344; x_wconf 85' lang='grc' dir='ltr'><strong><em>μός.</em></strong></span> <span class='ocrx_word' id='word_1_217' title='bbox 420 3261 483 3334; x_wconf 84' lang='lat' dir='ltr'><strong>Qua</strong></span> <span class='ocrx_word' id='word_1_218' title='bbox 511 3257 758 3340; x_wconf 88' lang='lat' dir='ltr'><strong>interpretatione</strong></span> <span class='ocrx_word' id='word_1_219' title='bbox 786 3261 908 3342; x_wconf 91' lang='lat' dir='ltr'><strong>probata</strong></span> <span class='ocrx_word' id='word_1_220' title='bbox 931 3262 1064 3324; x_wconf 84' lang='lat' dir='ltr'><strong>Wunder</strong></span> <span class='ocrx_word' id='word_1_221' title='bbox 1093 3261 1193 3324; x_wconf 88' lang='lat' dir='ltr'><strong>vertit:</strong></span> <span class='ocrx_word' id='word_1_222' title='bbox 1229 3271 1370 3342; x_wconf 84' lang='lat' dir='ltr'><strong>‘puerum</strong></span> <span class='ocrx_word' id='word_1_223' title='bbox 1398 3267 1448 3324; x_wconf 84' lang='lat' dir='ltr'><strong>iu-</strong></span> 
     </span>
     <span class='ocr_line' id='line_1_30' title="bbox 305 3359 1450 3440; baseline 0 -18"><span class='ocrx_word' id='word_1_224' title='bbox 305 3371 454 3424; x_wconf 78' lang='lat' dir='ltr'><strong>secretum</strong></span> <span class='ocrx_word' id='word_1_225' title='bbox 479 3359 581 3439; x_wconf 77' lang='lat' dir='ltr'><strong>florem</strong></span> <span class='ocrx_word' id='word_1_226' title='bbox 607 3361 754 3440; x_wconf 83' lang='lat' dir='ltr'><strong>decerpere</strong></span> <span class='ocrx_word' id='word_1_227' title='bbox 779 3361 848 3422; x_wconf 84' lang='lat' dir='ltr'><strong>solet</strong></span> <span class='ocrx_word' id='word_1_228' title='bbox 874 3361 987 3434; x_wconf 83' lang='lat' dir='ltr'><strong>oculus,</strong></span> <span class='ocrx_word' id='word_1_229' title='bbox 1021 3378 1056 3422; x_wconf 88' lang='lat' dir='ltr'><strong>eo</strong></span> <span class='ocrx_word' id='word_1_230' title='bbox 1081 3377 1148 3422; x_wconf 85' lang='lat' dir='ltr'><strong>vero</strong></span> <span class='ocrx_word' id='word_1_231' title='bbox 1175 3377 1246 3440; x_wconf 78' lang='grc' dir='ltr'><strong><em>ριιοο</em></strong></span> <span class='ocrx_word' id='word_1_232' title='bbox 1272 3371 1450 3422; x_wconf 80' lang='lat' dir='ltr'><strong>marcescunt</strong></span> 
     </span>
     <span class='ocr_line' id='line_1_31' title="bbox 306 3449 1450 3542; baseline -0.002 -20"><span class='ocrx_word' id='word_1_233' title='bbox 306 3459 403 3542; x_wconf 67' lang='grc' dir='ltr'><strong><em>[κρῖν’.</em></strong></span> <span class='ocrx_word' id='word_1_234' title='bbox 462 3461 497 3524; x_wconf 79' lang='lat' dir='ltr'><strong>tt</strong></span> <span class='ocrx_word' id='word_1_235' title='bbox 530 3475 623 3539; x_wconf 90' lang='lat' dir='ltr'><strong>quum</strong></span> <span class='ocrx_word' id='word_1_236' title='bbox 656 3476 824 3538; x_wconf 90' lang='lat' dir='ltr'><strong>pronomen</strong></span> <span class='ocrx_word' id='word_1_237' title='bbox 858 3449 903 3520; x_wconf 77' lang='lat' dir='ltr'><strong>aiv</strong></span> <span class='ocrx_word' id='word_1_238' title='bbox 940 3459 976 3520; x_wconf 89' lang='lat' dir='ltr'><strong>de</strong></span> <span class='ocrx_word' id='word_1_239' title='bbox 1009 3459 1126 3520; x_wconf 91' lang='lat' dir='ltr'><strong>duobus</strong></span> <span class='ocrx_word' id='word_1_240' title='bbox 1160 3457 1304 3520; x_wconf 87' lang='lat' dir='ltr'><strong>aetatibus</strong></span> <span class='ocrx_word' id='word_1_241' title='bbox 1338 3458 1450 3520; x_wconf 89' lang='lat' dir='ltr'><strong>dictum</strong></span> 
     </span>
     <span class='ocr_line' id='line_1_32' title="bbox 307 3555 1451 3638; baseline -0.002 -18"><span class='ocrx_word' id='word_1_242' title='bbox 307 3557 465 3638; x_wconf 91' lang='lat' dir='ltr'><strong>acceperis,</strong></span> <span class='ocrx_word' id='word_1_243' title='bbox 488 3556 552 3618; x_wconf 90' lang='lat' dir='ltr'><strong>lieri</strong></span> <span class='ocrx_word' id='word_1_244' title='bbox 574 3575 636 3617; x_wconf 90' lang='lat' dir='ltr'><strong>non</strong></span> <span class='ocrx_word' id='word_1_245' title='bbox 658 3565 765 3636; x_wconf 84' lang='lat' dir='ltr'><strong>potest,</strong></span> <span class='ocrx_word' id='word_1_246' title='bbox 797 3555 867 3635; x_wconf 88' lang='lat' dir='ltr'><strong>quin</strong></span> <span class='ocrx_word' id='word_1_247' title='bbox 891 3574 1057 3636; x_wconf 90' lang='lat' dir='ltr'><strong>pronomen</strong></span> <span class='ocrx_word' id='word_1_248' title='bbox 1079 3576 1199 3637; x_wconf 90' lang='lat' dir='ltr'><strong>quoque</strong></span> <span class='ocrx_word' id='word_1_249' title='bbox 1224 3555 1393 3636; x_wconf 89' lang='lat' dir='ltr'><strong>parallelum</strong></span> <span class='ocrx_word' id='word_1_250' title='bbox 1417 3565 1451 3618; x_wconf 89' lang='lat' dir='ltr'><strong>ut</strong></span> 
     </span>
     <span class='ocr_line' id='line_1_33' title="bbox 307 3654 1452 3736; baseline -0.002 -18"><span class='ocrx_word' id='word_1_251' title='bbox 307 3659 347 3718; x_wconf 92' lang='lat' dir='ltr'><strong>ita</strong></span> <span class='ocrx_word' id='word_1_252' title='bbox 371 3656 464 3718; x_wconf 90' lang='lat' dir='ltr'><strong>dicam</strong></span> <span class='ocrx_word' id='word_1_253' title='bbox 487 3654 552 3716; x_wconf 79' lang='lat' dir='ltr'><strong>coir</strong></span> <span class='ocrx_word' id='word_1_254' title='bbox 574 3655 679 3715; x_wconf 88' lang='lat' dir='ltr'><strong>eodem</strong></span> <span class='ocrx_word' id='word_1_255' title='bbox 702 3674 793 3716; x_wconf 91' lang='lat' dir='ltr'><strong>sensu</strong></span> <span class='ocrx_word' id='word_1_256' title='bbox 816 3655 956 3734; x_wconf 79' lang='lat' dir='ltr'><strong>accipias3</strong></span> <span class='ocrx_word' id='word_1_257' title='bbox 987 3655 1017 3716; x_wconf 88' lang='lat' dir='ltr'><strong>id</strong></span> <span class='ocrx_word' id='word_1_258' title='bbox 1047 3655 1127 3736; x_wconf 91' lang='lat' dir='ltr'><strong>quod</strong></span> <span class='ocrx_word' id='word_1_259' title='bbox 1154 3655 1332 3716; x_wconf 90' lang='lat' dir='ltr'><strong>sententiam</strong></span> <span class='ocrx_word' id='word_1_260' title='bbox 1355 3655 1452 3716; x_wconf 89' lang='lat' dir='ltr'><strong>reddit</strong></span> 
     </span>
     <span class='ocr_line' id='line_1_34' title="bbox 308 3753 1451 3836; baseline -0.003 -19"><span class='ocrx_word' id='word_1_261' title='bbox 308 3758 448 3836; x_wconf 90' lang='lat' dir='ltr'><strong>ineptam.</strong></span> <span class='ocrx_word' id='word_1_262' title='bbox 493 3755 570 3815; x_wconf 86' lang='lat' dir='ltr'><strong>Tum</strong></span> <span class='ocrx_word' id='word_1_263' title='bbox 597 3753 725 3815; x_wconf 82' lang='lat' dir='ltr'><strong>offendit</strong></span> <span class='ocrx_word' id='word_1_264' title='bbox 752 3754 833 3816; x_wconf 91' lang='lat' dir='ltr'><strong>solus</strong></span> <span class='ocrx_word' id='word_1_265' title='bbox 855 3754 968 3824; x_wconf 86' lang='lat' dir='ltr'><strong>oculus,</strong></span> <span class='ocrx_word' id='word_1_266' title='bbox 996 3754 1047 3834; x_wconf 90' lang='lat' dir='ltr'><strong>qui</strong></span> <span class='ocrx_word' id='word_1_267' title='bbox 1077 3753 1241 3815; x_wconf 89' lang='lat' dir='ltr'><strong>accuratius</strong></span> <span class='ocrx_word' id='word_1_268' title='bbox 1265 3754 1451 3815; x_wconf 87' lang='lat' dir='ltr'><strong>definiendus</strong></span> 
     </span>
     <span class='ocr_line' id='line_1_35' title="bbox 309 3852 1452 3933; baseline -0.002 -17"><span class='ocrx_word' id='word_1_269' title='bbox 309 3861 355 3916; x_wconf 89' lang='lat' dir='ltr'><strong>est</strong></span> <span class='ocrx_word' id='word_1_270' title='bbox 381 3854 534 3933; x_wconf 80' lang='lat' dir='ltr'><strong>genetivo,</strong></span> <span class='ocrx_word' id='word_1_271' title='bbox 567 3862 600 3914; x_wconf 85' lang='lat' dir='ltr'><strong>ut</strong></span> <span class='ocrx_word' id='word_1_272' title='bbox 631 3852 791 3916; x_wconf 88' lang='lat' dir='ltr'><strong>denotetur</strong></span> <span class='ocrx_word' id='word_1_273' title='bbox 823 3853 907 3914; x_wconf 89' lang='lat' dir='ltr'><strong>cuius</strong></span> <span class='ocrx_word' id='word_1_274' title='bbox 941 3852 1044 3914; x_wconf 90' lang='lat' dir='ltr'><strong>oculus</strong></span> <span class='ocrx_word' id='word_1_275' title='bbox 1078 3853 1156 3914; x_wconf 89' lang='lat' dir='ltr'><strong>hanc</strong></span> <span class='ocrx_word' id='word_1_276' title='bbox 1188 3858 1316 3915; x_wconf 83' lang='lat' dir='ltr'><strong>aetatem</strong></span> <span class='ocrx_word' id='word_1_277' title='bbox 1346 3869 1452 3933; x_wconf 91' lang='lat' dir='ltr'><strong>rapere</strong></span> 
     </span>
     <span class='ocr_line' id='line_1_36' title="bbox 309 3944 1451 4032; baseline 0.002 -20"><span class='ocrx_word' id='word_1_278' title='bbox 309 3953 411 4012; x_wconf 88' lang='lat' dir='ltr'><strong>soleat.</strong></span> <span class='ocrx_word' id='word_1_279' title='bbox 448 3951 567 4013; x_wconf 76' lang='lat' dir='ltr'><strong>Accedit</strong></span> <span class='ocrx_word' id='word_1_280' title='bbox 581 3952 660 4031; x_wconf 90' lang='lat' dir='ltr'><strong>quod</strong></span> <span class='ocrx_word' id='word_1_281' title='bbox 685 3951 805 4013; x_wconf 85' lang='lat' dir='ltr'><strong>verbum</strong></span> <span class='ocrx_word' id='word_1_282' title='bbox 827 3944 1045 4032; x_wconf 76' lang='grc' dir='ltr'><strong><em>ὑπεκτρέποιν</em></strong></span> <span class='ocrx_word' id='word_1_283' title='bbox 1067 3950 1124 4012; x_wconf 83' lang='lat' dir='ltr'><strong>hoc</strong></span> <span class='ocrx_word' id='word_1_284' title='bbox 1146 3969 1206 4012; x_wconf 89' lang='lat' dir='ltr'><strong>uno</strong></span> <span class='ocrx_word' id='word_1_285' title='bbox 1229 3951 1294 4012; x_wconf 90' lang='lat' dir='ltr'><strong>loco</strong></span> <span class='ocrx_word' id='word_1_286' title='bbox 1315 3952 1451 4032; x_wconf 83' lang='lat' dir='ltr'><strong>genetivo</strong></span> 
     </span>
     <span class='ocr_line' id='line_1_37' title="bbox 310 4047 1452 4130; baseline 0.001 -19"><span class='ocrx_word' id='word_1_287' title='bbox 310 4049 510 4130; x_wconf 79' lang='lat' dir='ltr'><strong>coniungitur,</strong></span> <span class='ocrx_word' id='word_1_288' title='bbox 539 4067 719 4130; x_wconf 90' lang='lat' dir='ltr'><strong>quamquam</strong></span> <span class='ocrx_word' id='word_1_289' title='bbox 750 4048 807 4110; x_wconf 86' lang='lat' dir='ltr'><strong>OC.</strong></span> <span class='ocrx_word' id='word_1_290' title='bbox 831 4068 855 4110; x_wconf 88' lang='lat' dir='ltr'><strong>v.</strong></span> <span class='ocrx_word' id='word_1_291' title='bbox 874 4047 936 4110; x_wconf 80' lang='lat'><strong>566</strong></span> <span class='ocrx_word' id='word_1_292' title='bbox 965 4057 995 4110; x_wconf 91' lang='lat' dir='ltr'><strong>et</strong></span> <span class='ocrx_word' id='word_1_293' title='bbox 1021 4048 1099 4128; x_wconf 92' lang='lat' dir='ltr'><strong>apud</strong></span> <span class='ocrx_word' id='word_1_294' title='bbox 1128 4047 1284 4110; x_wconf 87' lang='lat' dir='ltr'><strong>Platonem</strong></span> <span class='ocrx_word' id='word_1_295' title='bbox 1306 4068 1335 4128; x_wconf 89' lang='lat' dir='ltr'><strong>p.</strong></span> <span class='ocrx_word' id='word_1_296' title='bbox 1355 4049 1452 4111; x_wconf 80' lang='lat' dir='ltr'>108ss</span> 
     </span>
     <span class='ocr_line' id='line_1_38' title="bbox 311 4146 1452 4227; baseline -0.003 -15"><span class='ocrx_word' id='word_1_297' title='bbox 311 4149 399 4212; x_wconf 88' lang='lat' dir='ltr'><strong>huius</strong></span> <span class='ocrx_word' id='word_1_298' title='bbox 437 4147 518 4210; x_wconf 88' lang='lat' dir='ltr'><strong>verbi</strong></span> <span class='ocrx_word' id='word_1_299' title='bbox 556 4167 650 4226; x_wconf 85' lang='lat' dir='ltr'><strong>genus</strong></span> <span class='ocrx_word' id='word_1_300' title='bbox 686 4147 816 4209; x_wconf 89' lang='lat' dir='ltr'><strong>medium</strong></span> <span class='ocrx_word' id='word_1_301' title='bbox 852 4165 920 4208; x_wconf 93' lang='lat' dir='ltr'><strong>cum</strong></span> <span class='ocrx_word' id='word_1_302' title='bbox 958 4146 1123 4208; x_wconf 83' lang='lat' dir='ltr'><strong>accusativo</strong></span> <span class='ocrx_word' id='word_1_303' title='bbox 1160 4147 1359 4227; x_wconf 85' lang='lat' dir='ltr'><strong>compositum</strong></span> <span class='ocrx_word' id='word_1_304' title='bbox 1397 4155 1452 4222; x_wconf 88' lang='lat' dir='ltr'><strong>est,</strong></span> 
     </span>
     <span class='ocr_line' id='line_1_39' title="bbox 311 4237 1453 4330; baseline -0.004 -19"><span class='ocrx_word' id='word_1_305' title='bbox 311 4243 530 4330; x_wconf 75' lang='grc' dir='ltr'><strong><em>ὑπεκτρέπειν</em></strong></span> <span class='ocrx_word' id='word_1_306' title='bbox 545 4237 637 4308; x_wconf 81' lang='grc' dir='ltr'><strong><em>πόδα</em></strong></span> <span class='ocrx_word' id='word_1_307' title='bbox 660 4254 759 4308; x_wconf 90' lang='lat' dir='ltr'><strong>autem</strong></span> <span class='ocrx_word' id='word_1_308' title='bbox 775 4245 848 4306; x_wconf 88' lang='lat' dir='ltr'><strong>nihil</strong></span> <span class='ocrx_word' id='word_1_309' title='bbox 864 4244 942 4306; x_wconf 91' lang='lat' dir='ltr'><strong>aliud</strong></span> <span class='ocrx_word' id='word_1_310' title='bbox 958 4244 1016 4306; x_wconf 89' lang='lat' dir='ltr'><strong>nisi</strong></span> <span class='ocrx_word' id='word_1_311' title='bbox 1032 4245 1164 4306; x_wconf 88' lang='lat' dir='ltr'><strong>medium</strong></span> <span class='ocrx_word' id='word_1_312' title='bbox 1180 4239 1453 4328; x_wconf 77' lang='grc' dir='ltr'><strong><em>ὑπεκτρέπεσθαι</em></strong></span> 
     </span>
     <span class='ocr_line' id='line_1_40' title="bbox 312 4343 1453 4424; baseline -0.004 -14"><span class='ocrx_word' id='word_1_313' title='bbox 312 4355 404 4410; x_wconf 86' lang='lat' dir='ltr'><strong>sonat.</strong></span> <span class='ocrx_word' id='word_1_314' title='bbox 451 4347 487 4409; x_wconf 81' lang='lat' dir='ltr'><strong>lit</strong></span> <span class='ocrx_word' id='word_1_315' title='bbox 510 4345 628 4408; x_wconf 86' lang='lat' dir='ltr'><strong>Graecis</strong></span> <span class='ocrx_word' id='word_1_316' title='bbox 651 4345 794 4406; x_wconf 87' lang='lat' dir='ltr'><strong>sollemne</strong></span> <span class='ocrx_word' id='word_1_317' title='bbox 815 4345 909 4406; x_wconf 88' lang='lat' dir='ltr'><strong>fuisse</strong></span> <span class='ocrx_word' id='word_1_318' title='bbox 933 4343 1021 4406; x_wconf 84' lang='lat' dir='ltr'><strong>uerba</strong></span> <span class='ocrx_word' id='word_1_319' title='bbox 1044 4344 1176 4424; x_wconf 84' lang='lat' dir='ltr'><strong>fugiendi</strong></span> <span class='ocrx_word' id='word_1_320' title='bbox 1199 4364 1266 4406; x_wconf 90' lang='lat' dir='ltr'><strong>cum</strong></span> <span class='ocrx_word' id='word_1_321' title='bbox 1289 4345 1453 4408; x_wconf 86' lang='lat' dir='ltr'><strong>accusativo</strong></span> 
     </span>
     <span class='ocr_line' id='line_1_41' title="bbox 313 4442 1453 4526; baseline -0.001 -19"><span class='ocrx_word' id='word_1_322' title='bbox 313 4445 494 4526; x_wconf 79' lang='lat' dir='ltr'><strong>coniungere</strong></span> <span class='ocrx_word' id='word_1_323' title='bbox 522 4445 561 4504; x_wconf 92' lang='lat' dir='ltr'><strong>ita</strong></span> <span class='ocrx_word' id='word_1_324' title='bbox 593 4450 626 4504; x_wconf 92' lang='lat' dir='ltr'><strong>ut</strong></span> <span class='ocrx_word' id='word_1_325' title='bbox 656 4461 689 4504; x_wconf 90' lang='lat' dir='ltr'><strong>ea</strong></span> <span class='ocrx_word' id='word_1_326' title='bbox 713 4461 832 4524; x_wconf 90' lang='lat' dir='ltr'><strong>quoque</strong></span> <span class='ocrx_word' id='word_1_327' title='bbox 854 4442 953 4518; x_wconf 82' lang='lat' dir='ltr'><strong>¹verba,</strong></span> <span class='ocrx_word' id='word_1_328' title='bbox 981 4461 1058 4523; x_wconf 86' lang='lat' dir='ltr'><strong>quae</strong></span> <span class='ocrx_word' id='word_1_329' title='bbox 1087 4461 1155 4505; x_wconf 91' lang='lat' dir='ltr'><strong>cum</strong></span> <span class='ocrx_word' id='word_1_330' title='bbox 1183 4443 1453 4524; x_wconf 89' lang='lat' dir='ltr'><strong>praepositionibus</strong></span> 
     </span>
    </p>
   </div>
   <div class='ocr_carea' id='block_1_8' title="bbox 0 0 1665 5076">
    <p class='ocr_par' dir='ltr' id='par_1_12' title="bbox 0 0 1665 5076">
     <span class='ocr_line' id='line_1_42' title="bbox 0 0 1665 5076; baseline 0 0"><span class='ocrx_word' id='word_1_331' title='bbox 0 0 1665 5076; x_wconf 95' lang='lat' dir='ltr'><strong> </strong></span> 
     </span>
    </p>
   </div>
  </div>
 </body>
</html>
