3268 5072
649 321 866 384 ...qq-

189 499 332 580 resererte'
365 500 396 560 in
430 499 489 560 boe
520 497 738 560 sententiarum
771 493 873 558 nexu?
908 496 1063 577 Equites
1097 499 1243 580 colligitur
1265 502 1332 582 Gly-

190 606 385 662 temnestram
418 605 454 660 ut
482 617 507 658 v.
530 597 591 660 537
619 596 746 660 dixerat:
780 605 911 677 ‘propter
937 595 1124 671 Menelaum’,
1148 617 1194 660 rr.
1211 599 1273 661 534
1285 619 1330 684 sq.

190 698 367 779 simpliciter
400 696 522 758 dixisse:
556 702 758 778 ‘quapropten
791 714 861 758 num
895 707 1013 776 propter
1044 694 1200 776 Arqr‘vesl'
1251 699 1333 772 Quae

189 798 392 860 Hermannum
425 813 488 858 non
520 795 630 876 fugisse
663 804 735 876 puto
757 796 863 870 τίνος,
893 795 974 876 quod
1007 815 1021 857 a
1056 815 1146 858 manu
1176 798 1270 878 prima
1299 800 1332 860 in

190 895 232 960 La
254 905 421 958 correctum
455 903 500 957 est
533 903 563 956 et
592 893 661 956 binc
693 895 836 976 quaedam
869 895 1034 976 apographa
1068 895 1221 970 exhibent,
1254 899 1332 960 reci·

190 996 322 1080 pientem
351 1005 381 1057 et
408 1003 479 1076 post
504 992 565 1056 τοῦ
591 993 832 1072 distinguentem.
876 993 920 1055 lta
946 993 1027 1055 enim
1052 993 1161 1075 duplex
1182 995 1215 1058 fit
1236 997 1332 1059 inter·

190 1095 304 1176 rogatio
336 1093 395 1157 τοῦ
422 1095 442 1155 i.
466 1113 491 1156 e.
521 1087 594 1156 ἀντὶ
620 1092 680 1154 τοῦ
712 1100 742 1154 et
774 1093 863 1165 τίνος
892 1083 993 1174 χάριν
1025 1112 1091 1174 pro
1124 1111 1194 1176 qua
1231 1115 1270 1157 re
1302 1103 1333 1157 et

190 1194 295 1258 cuius
322 1193 453 1274 gratia,
486 1199 521 1254 ut
548 1191 669 1252 alteram
692 1190 837 1253 referatur
865 1192 902 1252 ad
924 1199 1076 1272 acceptum
1099 1191 1217 1275 aliquod
1238 1194 1333 1257 bene-

189 1295 301 1366 ficium,
323 1292 447 1354 alterum
471 1291 507 1353 ad
524 1309 592 1352 eum
609 1289 656 1350 cui
671 1299 788 1370 gratum
804 1290 874 1371 quid
889 1290 986 1352 facere
1001 1291 1127 1353 voluerit
1142 1293 1333 1374 Agamemno.

191 1393 248 1454 Sed
271 1410 368 1473 neque
391 1391 475 1452 video
498 1407 551 1451 cur
570 1389 619 1450 bic
642 1389 797 1470 dupliciter
819 1389 981 1468 interroget
996 1390 1218 1470 clytemnestra,
1240 1411 1333 1472 quum

191 1491 333 1574 particula
368 1487 411 1572 δή
440 1507 508 1551 cum
534 1489 707 1568 imperativo
731 1485 869 1559 δίδαξον
891 1487 1059 1562 coniuncta,
1087 1489 1149 1552 dic
1176 1509 1333 1574 quaeso,

192 1592 249 1653 iam
273 1590 343 1653 satis
359 1587 522 1651 ostenderit
540 1587 630 1649 animi
650 1587 877 1668 impatientiam,
900 1605 998 1668 neque
1013 1588 1044 1648 in
1060 1589 1122 1650 eius
1137 1599 1188 1652 aut
1203 1591 1334 1653 Electrae

193 1691 327 1752 oratione
348 1689 379 1750 id
401 1687 579 1750 beneficium
602 1695 862 1760 commemoratur,
891 1707 950 1768 quc
972 1695 1090 1767 accepto
1113 1708 1150 1750 ex
1170 1688 1333 1751 llermanni

193 1789 363 1851 coniectura
392 1789 573 1866 Agamemno
606 1785 697 1847 liliam
731 1785 846 1848 dicatur
881 1785 1063 1847 mactavisse.
1107 1787 1217 1849 Reislrii
1250 1783 1334 1870 πρός

191 1881 293 1970 χάριν
319 1905 499 1968 quamquam
525 1885 690 1958 sententiae
719 1886 832 1966 optime
854 1885 1002 1957 convenit,
1029 1891 1129 1948 tamen
1152 1905 1245 1967 quum
1271 1903 1333 1948 nen

194 1986 313 2048 silveri
341 1985 436 2047 simile
465 1975 549 2065 πρός
578 1983 609 2045 in
636 1984 695 2046 τοῦ
717 1991 891 2065 corruptum
914 2003 995 2062 esse,
1023 1985 1123 2066 itaque
1153 1985 1240 2047 nullis
1263 1985 1335 2048 artis

195 2085 312 2148 criticae
333 2084 446 2162 legibus
469 2083 690 2164 comprobetur,
713 2102 775 2144 non
798 2091 844 2145 est
865 2101 919 2145 cur
940 2083 1104 2164 respiciam.

281 2183 376 2263 Atque
397 2201 490 2263 quum
512 2183 545 2243 in
559 2179 600 2242 La
623 2200 730 2244 manus
752 2183 846 2262 prima
869 2185 1012 2264 scriptum
1035 2185 1137 2247 rivam
1151 2184 1213 2266 ipsa
1229 2203 1334 2266 super·

195 2282 304 2363 scripto
327 2302 362 2354 ος
383 2282 414 2342 in
436 2283 525 2354 τίνος
546 2283 716 2356 correxerit,
747 2301 803 2344 nos
825 2291 925 2345 autem
949 2303 965 2345 e
987 2283 1130 2345 Dindortii
1152 2285 1335 2364 praelatione

195 2382 266 2443 edit.
310 2379 405 2442 Oxou.
420 2379 460 2442 lll
475 2381 531 2442 vol.
548 2381 560 2442 l
576 2401 604 2461 p.
621 2381 658 2441 lv
681 2381 872 2444 didicerimus
895 2382 1025 2444 codicem
1054 2401 1070 2444 a
1093 2383 1222 2458 librario,
1250 2389 1336 2464 post-

195 2499 283 2563 quam
306 2487 389 2542 totus
410 2489 490 2542 esset
512 2487 658 2551 exaratus,
685 2479 785 2542 denuo
816 2499 883 2542 cum
917 2481 1074 2563 archetypo
1102 2501 1166 2544 esse
1188 2482 1335 2554 collatum,

195 2587 326 2642 correcta
360 2599 436 2660 quae
469 2578 568 2641 minus
601 2588 681 2641 recte
710 2581 902 2662 transscripta
931 2590 1044 2652 essent,
1078 2587 1149 2660 puto
1183 2581 1273 2653 τίνος
1304 2579 1336 2642 in

195 2680 355 2760 archetypo
385 2679 530 2760 scriptum
563 2678 710 2740 exstitisse
743 2687 772 2740 et
800 2679 914 2741 conicio
947 2680 1004 2741 boc
1036 2679 1334 2760 interpretamentum

195 2799 263 2840 esse
297 2777 416 2840 voculae
448 2777 507 2839 τοῦ
540 2787 629 2858 atque
658 2777 691 2838 in
720 2785 833 2840 textum
868 2779 979 2840 illatum
1003 2779 1166 2856 genuinum
1189 2779 1336 2860 expulisse

194 2877 380 2940 vocabulum.
425 2877 510 2950 Quod
534 2895 715 2957 quamquam
738 2877 898 2939 admodum
913 2878 1059 2940 incertum
1075 2887 1121 2940 est
1135 2875 1221 2958 quale
1236 2876 1337 2948 tuerit,

195 2985 295 3039 tamen
328 2977 424 3058 quoad
460 2976 524 3037 eius
556 2975 619 3038 fieri
649 2983 750 3056 petest
778 2975 968 3058 probabiliter
997 2995 1085 3038 ame
1106 2975 1226 3038 restitui
1247 2994 1336 3058 posse

195 3077 322 3140 confido.
381 3075 542 3157 Reputanti
580 3075 673 3147 enirn,
712 3077 853 3157 quidnam
887 3084 974 3157 poeta
1010 3075 1108 3137 verbis
1144 3073 1203 3138 τοῦ
1239 3071 1337 3154 χάριν

195 3174 319 3240 ἔθυσεν
340 3165 443 3256 αιῗτήν
465 3183 498 3236 nt
520 3184 648 3238 metrum
673 3177 849 3256 expleretur,
879 3175 988 3238 addere
1015 3175 1163 3256 potuisset
1190 3176 1337 3238 sententia

194 3277 251 3339 loci
279 3294 375 3356 neque
403 3281 514 3335 mutata
543 3292 641 3354 neque
670 3282 851 3354 exaggerata,
879 3273 1112 3354 obversabantur
1134 3293 1159 3336 r.
1175 3271 1237 3334 530
1260 3271 1336 3336 duel

196 3374 324 3460 πατὴρ
346 3372 405 3457 τὴν
426 3370 489 3456 σήν
511 3365 657 3456 ὅμαιμον
680 3406 720 3415 -
742 3369 816 3456 ἔτλη
843 3371 950 3436 θῦσαι
979 3383 1009 3436 et
1031 3393 1057 3435 v.
1073 3373 1132 3434 571
1158 3365 1204 3446 ὥς
1227 3371 1335 3458 πατὴρ

195 3509 238 3520 -
268 3469 423 3538 ἐκθύσειε
458 3469 515 3556 τὴν
550 3467 652 3534 αὑτοῦ
689 3467 796 3554 κορήν.
856 3473 984 3535 Restitui
1021 3471 1110 3553 igitur
1145 3469 1203 3536 τοῦ
1238 3461 1338 3552 χάριν

196 3571 324 3658 πατὴρ
357 3570 479 3635 ἔθυσεν
512 3563 628 3654 αὐτήν,·
658 3571 690 3632 in
718 3589 815 3652 progr.
847 3589 947 3654 gymn.
977 3571 1163 3654 Wongrovic.
1192 3591 1216 3632 a.
1242 3569 1335 3633 1876.

195 3673 291 3746 Quam
318 3691 419 3733 vocem
452 3671 510 3732 iam
543 3669 580 3732 ab
607 3669 773 3732 Teurniero
800 3671 967 3734 restitutam
996 3691 1060 3734 esse
1083 3673 1181 3736 Nauck
1210 3672 1242 3733 in
1269 3689 1335 3751 app.

196 3772 260 3834 crit.
283 3771 352 3832 edit.
369 3771 419 3831 Vll
440 3770 499 3830 lab.
515 3769 648 3831 Electrae
670 3788 696 3830 a.
715 3767 796 3831 1877
820 3771 949 3834 adnotat

279 3869 356 3931 'lum
394 3869 515 3932 demum
552 3877 620 3948 apte
657 3876 826 3950 sequuntur
862 3865 1003 3951 πότερον
1040 3865 1197 3954 ’Λρχείων
1233 3865 1335 3950 ἒρετςι

196 3969 312 4031 Patrem
347 3969 577 4050 Clytaemnestra
603 3969 824 4050 Agamemnona
855 3969 994 4033 maritum
1017 3969 1140 4052 appellat
1169 3977 1203 4031 ut
1224 3987 1249 4029 ν.
1273 3967 1334 4030 525

196 4075 226 4130 et
248 4067 325 4129 alibi.

283 4165 355 4228 0ed.
378 4166 413 4228 ll.
435 4185 462 4227 v.
478 4165 529 4226 50.
573 4167 693 4228 Flamen
722 4165 809 4229 Dialis
837 4173 872 4228 ut
903 4167 1104 4229 Romanorum
1134 4165 1275 4228 vocabulo
1304 4168 1335 4228 in

197 4265 362 4327 sacerdotio
385 4266 495 4328 Graeco
522 4273 596 4337 utar,
630 4266 680 4346 qui
715 4283 819 4346 magna
853 4283 960 4328 senum
988 4285 1021 4328 ac
1053 4266 1194 4328 iuvenum
1221 4274 1335 4328 caterva

196 4363 353 4427 comitatus
385 4363 531 4445 Oedipum
563 4351 684 4426 adierat'
705 4373 740 4426 ut
772 4364 913 4426 auxilium
946 4365 1037 4428 terret
1073 4365 1103 4426 in
1137 4363 1335 4446 pestilentiam
