3268 5072
767 321 989 390 ..28-

307 501 512 581 pernioiosam‚
540 521 638 582 regem
665 502 809 583 pristinae
835 519 924 581 quarn
952 502 983 562 in
1006 499 1080 563 urhe
1102 521 1118 562 a
1141 500 1272 581 Sphinge
1297 498 1445 561 liberanda

307 598 485 682 praestiterit
507 617 593 663 curae
615 602 763 676 admonet,
786 619 824 662 ne
845 599 929 680 regni
952 600 1014 662 eius
1037 599 1158 664 minime
1178 599 1406 662 reminiscantur

326 797 328 802 .
406 721 539 799 στάντες
561 721 594 800 ἐς
616 718 722 810 ὀρθόν
743 723 798 788 καὶ
822 721 979 800 πεσόντες
1002 719 1147 808 ὕστερον.

304 823 346 918 Ut
368 863 496 918 uretrum
518 857 597 938 quod
619 857 744 920 laeditur
765 858 904 920 trochaeo
927 875 982 938 pro
1004 857 1103 920 iambo
1127 858 1171 918 vel
1193 858 1326 940 spondeo
1349 857 1444 938 posito

305 953 513 1020 restitueretur
539 958 598 1021 iam
629 977 645 1020 a
673 975 763 1020 mauu
793 943 859 1018 libri
881 957 1071 1020 Laurentiani
1093 977 1109 1018 a
1131 957 1273 1037 particula
1300 979 1334 1018 τε
1356 954 1446 1036 parti·

305 1053 382 1133 cipio
415 1047 549 1128 στάντες
581 1055 717 1120 adiuncta
749 1063 803 1120 est.
848 1056 908 1116 Sed
941 1057 1094 1136 particulis
1126 1058 1262 1118 τέ-καί
1293 1053 1445 1136 participia

307 1147 439 1228 στάντες
462 1162 492 1216 et
513 1149 670 1227 πεσόντες
691 1155 731 1216 ita
754 1153 832 1216 inter
854 1173 887 1216 se
910 1155 1056 1218 artissime
1079 1155 1298 1236 coniunguntur
1320 1162 1354 1218 ut
1375 1171 1446 1216 seu-

215 1251 222 1266 “
306 1251 398 1312 tentia
420 1253 558 1334 prodeat:
588 1241 698 1334 ‘'quum
721 1254 812 1316 erecti
833 1261 898 1316 tum
920 1263 1023 1334 postea
1047 1253 1175 1316 deiecti’.
1221 1255 1264 1316 lta
1287 1253 1382 1315 maior
1403 1251 1446 1314 vis

302 1338 464 1431 posteriori
486 1353 621 1416 membro
643 1353 793 1418 tribuitur.
838 1353 923 1426 Quod
945 1355 1054 1415 falsum
1076 1361 1129 1416 est.
1176 1353 1249 1414 Nam
1272 1353 1331 1414 duo
1353 1351 1445 1432 parti-

306 1450 379 1530 eipia
411 1449 472 1512 sola
502 1451 642 1531 particula
665 1453 721 1514 καί
744 1451 906 1532 copulanda
930 1460 1012 1525 sunt,
1044 1470 1150 1534 quum¹
1168 1449 1315 1512 sententia
1343 1449 1446 1530 requi-

302 1535 417 1612 'raturt
440 1551 547 1612 ‘erecti
582 1558 611 1612 et
642 1559 747 1630 postea
776 1550 903 1612 deiecti'.
947 1551 970 1612 E
999 1551 1147 1614 contrario
1174 1550 1264 1632 igitur
1289 1549 1446 1613 Triclinius

304 1650 342 1724 ys
379 1647 567 1729 interposuit,
601 1668 660 1728 quo
693 1648 869 1730 interposito
898 1649 981 1730 prius
1004 1648 1173 1712 membrum
1196 1649 1306 1712 maiore
1329 1667 1395 1710 cum
1418 1647 1447 1708 vi

305 1747 485 1810 dictumest
513 1766 603 1828 quam
630 1749 790 1828 posterius,
823 1767 1003 1828 quamquam
1039 1757 1200 1830 utrumque
1233 1765 1324 1828 acque
1350 1747 1446 1808 valeat

304 1865 424 1908 necesse
455 1855 510 1910 est.
558 1847 660 1926 ltaque
683 1845 803 1927 Blaydes
836 1843 869 1918 ἐς
901 1847 932 1908 iu
965 1841 1036 1908 κατ’
1072 1847 1203 1910 mutavit.
1259 1847 1318 1908 Sed
1351 1863 1444 1926 quum

304 1939 461 2020 πεσόντες
493 1945 675 2026 respoudeat
707 1945 803 2008 solum
830 1945 886 2008 soli
913 1945 1069 2026 participio
1098 1941 1246 2018 στάντες,
1271 1943 1444 2006 adverbium

303 2037 438 2126 ὕστερον
460 2061 521 2106 non
543 2043 631 2107 habet
653 2045 701 2108 oui
724 2052 901 2126 opponatur.
946 2045 1115 2108 Sententiae
1139 2045 1219 2108 enim
1241 2044 1355 2106 ratione
1379 2041 1443 2106 effi-

303 2141 380 2204 citur
400 2138 445 2204 r'ut
478 2145 615 2206 sacerdos
644 2143 721 2206 dicat
755 2145 833 2224 ‘sore
861 2154 893 2206 ut
919 2148 1036 2208 minime
1066 2148 1319 2208 remrbiscereutur
1346 2143 1447 2222 Oedipi

303 2239 418 2322 primo
451 2245 536 2304 erecti
557 2251 622 2324 post
651 2239 770 2315 dolend,
804 2242 851 2302 vel
873 2249 906 2304 ut
928 2243 1017 2304 latine
1039 2243 1153 2324 loquar,
1188 2250 1290 2324 ‘quum
1324 2242 1445 2324 primo

304 2345 463 2406 conservati
479 2353 544 2422 post
562 2346 718 2424 periissent.
758 2341 947 2404 Removenda
969 2342 1059 2421 igitur
1082 2361 1148 2403 esse
1170 2359 1278 2404 censeo
1300 2340 1389 2402 verba
1411 2333 1445 2413 ἐς

304 2433 410 2520 ὀρθόν
442 2442 477 2504 ad
510 2441 740 2522 intellegendum
767 2439 954 2521 participium
982 2431 1118 2514 στάντες
1146 2459 1163 2502 a
1191 2441 1294 2520 quovis
1317 2439 1445 2518 margini

302 2537 426 2620 ascripta
459 2547 527 2619 post
559 2539 711 2620 scriptoris
744 2537 842 2600 verbis
875 2537 985 2610 addita,
1023 2557 1078 2620 pro
1112 2537 1219 2620 quibus
1252 2533 1443 2600 inserendum

303 2637 415 2702 conicio
437 2637 659 2724 τοπρῶτον.
696 2637 782 2712 Quod
803 2639 947 2720 temporis
970 2638 1142 2702 adverbium
1158 2639 1282 2702 articulo
1305 2637 1443 2700 adiuncto

302 2737 455 2816 aptissime
477 2731 535 2800 hoc
556 2743 658 2800 nostro
674 2735 738 2800 loco
754 2736 817 2800 adv.
833 2729 969 2818 ὕστερον
984 2735 1151 2818 oppositum
1170 2745 1225 2812 est,
1248 2745 1281 2800 ut
1296 2735 1444 2800 sententia

302 2836 460 2900 efficiatur:
486 2843 587 2918 ‘quum
606 2839 701 2918 primo
725 2838 885 2899 coherent
901 2845 965 2916 poet
982 2832 1177 2916 perierimus'.

386 2956 430 2997 vv.
454 2935 632 3004 216-275,
676 2933 806 3016 Oedipus
829 2935 891 2996 Rex
914 2953 966 3016 per
989 2933 1146 2996 Creontem
1170 2933 1292 2994 edoctus
1318 2932 1385 2994 ideo
1407 2929 1442 2993 ab

301 3035 437 3116 Apolline
459 3035 668 3098 Thebanorum
699 3043 808 3096 terram
837 3033 917 3114 gravi
950 3031 1117 3112 pestilentia
1151 3031 1330 3104 conflictari,
1363 3030 1442 3110 quod

301 3131 363 3194 Laii
396 3133 500 3196 caedes
529 3133 662 3194 noudum
691 3133 805 3214 expiata
832 3131 870 3194 sit
899 3139 988 3211 atque
1011 3129 1158 3194 homicida
1186 3129 1266 3190 inter
1289 3149 1338 3191 eos
1361 3129 1441 3210 ipsos

301 3240 518 3303 commoretur,
552 3249 583 3292 se
616 3231 737 3293 domum
771 3230 884 3310 recipit.
934 3227 990 3291 Ubi
1018 3229 1090 3291 dum
1119 3229 1200 3290 chori
1228 3228 1376 3290 canticum
1410 3229 1442 3290 fit

277 3338 435 3394 moratus
468 3331 500 3392 in
523 3348 658 3394 scaenam
683 3329 783 3412 prodit
816 3338 850 3391 ut
880 3327 1068 3410 praescribat,
1102 3348 1176 3410 quae
1202 3329 1237 3390 ad
1264 3327 1441 3390 homicidam

302 3427 516 3508 exquirendum
545 3429 677 3493 iacienda
699 3436 792 3509 putet,
821 3428 956 3490 versibus
986 3429 1037 3510 qui
1059 3435 1232 3490 tractantur.
1277 3427 1367 3490 Cuius
1390 3444 1441 3487 ex·

301 3525 490 3602 secrationis,
523 3525 563 3588 ita
598 3525 677 3590 enim
711 3526 747 3588 ab
774 3527 939 3589 homicidae
967 3527 1168 3588 exsecratione
1199 3525 1338 3608 appellari
1365 3526 1442 3588 solet

296 3613 373 3690 'baec
401 3626 477 3706 regis
508 3625 610 3698 oratio,
645 3625 717 3688 ordo
750 3619 820 3690 aliis
847 3635 945 3689 rectus
974 3625 1039 3688 aliis
1062 3625 1178 3688 videtur
1206 3625 1343 3688 turbatus
1367 3645 1440 3687 esse.

300 3727 488 3807 Inquiramus
511 3723 609 3804 igitur,
632 3718 707 3805 quae
729 3727 891 3788 sententiae
907 3726 1058 3805 quomodo
1080 3725 1159 3786 inter
1180 3744 1212 3786 se
1228 3744 1358 3787 conexae
1372 3725 1439 3786 sint.

301 3826 430 3908 Oedipus
453 3824 534 3887 enim
557 3825 631 3886 haec
651 3825 715 3886 fere
738 3826 823 3887 dicit:
858 3826 940 3898 Quae
962 3824 1070 3886 chorus
1099 3832 1246 3904 precetur,
1275 3823 1439 3886 remedium

301 3926 498 3990 etmalorum
521 3923 662 3995 levamen,
686 3933 822 4006 paratum
845 3923 889 3996 iri,
913 3921 937 3984 si
953 3923 1041 3984 verba
1064 3941 1126 4010 sua
1139 3923 1262 4004 accipiat
1283 3933 1313 3984 et
1332 3909 1439 3984 'morbo

300 4031 459 4086 succurrat.
495 4007 633 4085 Alienum
657 4043 689 4085 se
704 4023 773 4084 laeti
794 4025 963 4084 locuturum
987 4039 1083 4101 neque
1105 4021 1202 4101 ipsum
1226 4023 1351 4084 multum
1367 4039 1439 4102 pro-

300 4124 447 4186 iecturum
469 4121 684 4204 investigando,
707 4123 785 4202 quod
808 4120 951 4182 indicium
975 4137 1037 4182 nou
1059 4119 1189 4194 haberet,

618 4262 620 4269 ·
699 4240 738 4310 οὗ
759 4242 821 4326 γάρ
844 4240 886 4308 ἄν
907 4240 1039 4328 μακράν

400 4347 526 4438 ipseper
548 4340 646 4418 αὐτὸς
667 4340 726 4408 τόν
749 4341 831 4422 ἔχων
853 4364 885 4404 τε
908 4340 1089 4425 σύμβολον,

299 4493 343 4535 νν.
368 4471 544 4534 216-221.
589 4471 631 4532 lta
655 4487 777 4532 exorsus
799 4469 840 4532 sic
862 4469 972 4550 pergit:
997 4470 1198 4541 novissimum
1213 4469 1302 4550 igitur
1323 4467 1438 4530 Theba-
