3268 5072
640 363 863 427 ..29-

183 561 291 606 norum
314 542 406 604 civero
429 542 609 617 medicem,
632 540 767 621 quisquis
789 539 852 602 Laii
874 539 1012 600 sicarium
1035 540 1158 613 noverit,
1181 559 1250 602 enm
1272 541 1320 602 in-

182 643 268 705 dicet.
311 641 350 702 Et
377 643 402 703 si
431 647 545 703 metuat
566 639 634 712 sibi,
662 639 785 702 crimine
811 638 926 700 sublato
954 639 1018 717 ipse
1040 637 1126 699 inse
1149 655 1190 700 sc.
1213 637 1324 700 indicet

245 741 311 802 fore
332 739 413 802 enim
435 747 469 801 ut
491 747 573 802 tutus
595 747 674 800 terra
696 738 825 799 excedat.
863 738 1000 817 Sinquis
1017 737 1177 800 aliumalia
1193 745 1322 799 exterra

182 841 310 913 noverit,
336 857 373 900 ne
396 839 532 901 sicarium
560 846 664 912 taceat,
697 837 864 917 praemium
897 836 924 898 ei
957 837 1092 899 futurum
1125 843 1156 898 et
1188 837 1322 916 gratiam.
1444 911 1451 924 ¹

182 940 235 1000 Sin
256 957 327 1000 vero
354 945 470 1000 taceant
498 944 549 998 aut
575 935 671 998 amico
693 944 745 997 aut
765 935 823 998 sibi
845 943 1022 1010 metuentes,
1053 936 1167 999 edicere
1195 935 1324 1016 nequis
1383 983 1393 1016 ,

182 1037 392 1100 Thebanorum
414 1035 595 1097 homicidam
617 1033 740 1114 recipiat
761 1047 834 1096 nere
857 1053 1010 1098 sacrorum
1033 1044 1205 1098 consortem
1226 1035 1321 1098 faciat.

181 1137 245 1198 lmo
267 1154 340 1198 vero.
357 1146 496 1215 tanquam
518 1134 677 1196 scelestum
700 1132 839 1195 domibus
863 1153 932 1196 cunr
945 1135 1068 1214 pellant,
1083 1153 1127 1196 vr.
1144 1132 1322 1196 ott-243.

181 1235 330 1299 Hactenus
364 1234 463 1296 omnia
495 1241 576 1295 recte
610 1251 642 1294 se
674 1230 788 1294 habent
820 1249 918 1313 neque
954 1233 1111 1314 quicquam
1144 1233 1323 1295 mutandum

181 1335 306 1398 videtur.
343 1333 452 1396 Verum
474 1331 529 1394 alia
551 1341 597 1394 cst
618 1330 693 1392 ratio
717 1349 822 1392 corum
839 1349 914 1412 quac
929 1343 1104 1413 sequuntur.
1142 1332 1217 1394 Nam
1239 1340 1324 1413 post-

181 1453 270 1516 quam
304 1432 378 1494 dixit
410 1447 459 1494 se·
476 1431 564 1493 talem
598 1430 653 1492 deo
682 1436 712 1492 et
734 1429 804 1492 Laio
833 1437 952 1493 mortuo
979 1451 1011 1494 se
1034 1432 1146 1494 socium
1170 1431 1323 1512 praebere,

179 1531 361 1594 homicidam
384 1539 553 1593 exsecratur
575 1523 788 1609 (κατεύχομαι
811 1549 839 1589 v.
855 1529 932 1606 246)
954 1539 987 1592 ut
1009 1531 1104 1593 malus
1127 1532 1203 1592 maie
1231 1532 1324 1592 vitum

181 1632 267 1711 degat
288 1631 436 1703 miseram,
459 1628 542 1690 addit
563 1622 758 1706 (ἐπεύχομαι
774 1646 798 1688 v.
816 1627 900 1703 249),
922 1628 948 1690 si
970 1648 1003 1690 se
1019 1629 1136 1691 conscio
1151 1648 1223 1692 suae
1242 1629 1322 1692 domi

148 1721 150 1726 ’
181 1731 228 1805 sit,
251 1729 354 1792 eadem
377 1747 409 1790 so
431 1727 491 1809 pati
513 1728 596 1801 velle,
618 1745 693 1806 quae
716 1726 803 1787 modo
825 1726 906 1788 hisce
928 1735 1065 1806 precatus
1087 1727 1135 1802 sit,
1158 1747 1184 1790 v.
1202 1728 1261 1790 251

281 1843 414 1904 nodato
436 1833 523 1922 ἅπερ
543 1835 654 1902 cotod'
679 1832 798 1920 ἀρτίως
820 1832 997 1930 ἢρασείμην

181 1953 235 2016 nte
257 1955 409 2036 quaeritur
437 1953 507 2035 quid
530 1951 587 2014 sibi
611 1949 679 2013 velit
701 1967 870 2030 pronomen
891 1929 1012 2013 ἕοῖσδε.
1056 1951 1133 2013 Fieri
1155 1953 1235 2014 enim
1258 1969 1322 2014 non

181 2059 289 2134 potest,
313 2053 385 2134 quin
407 2053 462 2114 hac
483 2051 583 2113 vocula
607 2050 713 2112 chorus
736 2048 781 2110 vel
802 2047 938 2111 Thebani
960 2049 1174 2130 significentur,
1197 2052 1322 2112 minime

181 2171 250 2214 vero
273 2152 344 2215 socii
367 2151 461 2214 caedis
484 2171 510 2212 v.
526 2147 598 2223 246,
621 2145 786 2212 πλειόνων
808 2148 903 2230 μέτα,
925 2155 961 2210 ut
975 2147 1153 2212 Hasselbach
1169 2155 1199 2212 et
1214 2149 1321 2211 went:

181 2252 240 2314 lein
270 2251 462 2313 contendunt.
508 2247 581 2311 Narn
610 2247 742 2329 Oedipus
774 2265 812 2309 ne
831 2248 928 2309 novit
960 2247 1081 2329 quidem
1111 2258 1213 2313 utrum
1244 2269 1321 2314 unus

181 2359 298 2436 tantum
321 2351 439 2413 caedem
462 2347 566 2411 iecerit
588 2366 626 2409 an
647 2348 743 2410 multi.
789 2347 895 2408 uthis
919 2348 1029 2419 multis,
1059 2348 1110 2429 qui
1136 2352 1262 2411 tortasse
1282 2367 1320 2411 ne

179 2449 302 2512 fuerunt
324 2449 459 2530 quidem,
487 2447 723 2510 maledicendum
752 2443 865 2508 fueriti
899 2445 1005 2528 Neque
1024 2448 1088 2528 ipse
1102 2465 1154 2510 rex
1169 2448 1214 2510 his
1229 2449 1321 2511 male-

180 2548 261 2622 dixit,
284 2549 336 2610 sed
358 2555 475 2611 tanturn
499 2547 551 2608 uni
574 2546 669 2608 caedis
692 2545 807 2608 auctori
829 2545 889 2608 sive
909 2545 935 2608 is
958 2563 1035 2609 unus
1057 2547 1149 2610 fuerit
1171 2547 1232 2610 sive
1253 2565 1321 2610 cum

179 2647 323 2729 pluribus,
346 2645 383 2707 cf.
399 2665 446 2706 vv.
462 2643 524 2707 246
537 2664 601 2726 sqq.

281 2755 479 2840 κατεύχομαι
502 2753 540 2819 dt
561 2754 619 2820 τδν
641 2751 826 2840 δεδρακότ’,
851 2756 916 2818 εἴτε
937 2774 989 2830 τις

280 2853 327 2931 εἷς
350 2851 395 2920 ὧν
417 2854 560 2940 λέληθεν
582 2858 648 2919 εἴτε
671 2853 836 2918 πλειόνων
858 2857 952 2936 μέτα,

278 2953 380 3020 κακδν
401 2955 505 3028 κακῶς
526 2975 580 3018 νιν
602 2950 727 3039 ἄμορον
748 2952 904 3038 ἐκτρῖψαι
927 2955 1012 3035 βίον.

180 3069 266 3143 Quod
290 3088 356 3130 cum
379 3067 420 3130 ita
441 3067 489 3143 sit,
517 3077 637 3150 apparet
657 3067 871 3150 praemittenda
897 3065 990 3129 fuisse
1014 3085 1047 3130 ea
1069 3087 1146 3150 quae
1169 3089 1219 3131 rex
1241 3067 1322 3131 The-

180 3164 264 3231 banis
279 3177 417 3250 precatus
433 3167 479 3229 sit.
518 3169 599 3244 Quae
614 3188 658 3230 vv.
677 3165 844 3230 too—272
861 3166 981 3228 demum
997 3175 1172 3248 sequuntur.
1202 3165 1322 3230 Accedit

180 3268 260 3348 quod
275 3287 319 3329 vv.
336 3263 398 3328 tta
410 3285 455 3346 sq.

282 3376 344 3458 ἐγώ
366 3375 427 3460 μὲν
450 3369 509 3440 οὖν
530 3371 664 3439 τοιόσδε
685 3375 730 3462 τῷ
751 3399 787 3438 τε
808 3373 944 3459 δαίμονι

279 3478 325 3562 τῷ
346 3471 378 3542 τ’
402 3469 500 3562 δνδρὶ
521 3479 566 3566 τῷ
588 3473 730 3544 θανόντι
754 3475 923 3562 σύμμαχος
945 3475 1049 3554 πέλω,

181 3591 275 3654 multo
297 3591 395 3672 aptius
416 3599 509 3656 totam
533 3591 715 3656 concludunt
737 3593 981 3666 exsecrationem,
1005 3589 1113 3673 quibus
1127 3589 1183 3654 soli
1202 3589 1322 3670 adiungi

181 3690 291 3754 debent
311 3709 357 3752 vv.
373 3690 435 3754 273
450 3710 515 3773 sqq.

279 3783 359 3870 ὑμῖν
380 3787 418 3852 δὲ
439 3798 510 3864 τοῖς
532 3784 666 3852 ἄλλοισι
692 3786 885 3872 Καδμείοις,
908 3786 1002 3863 ὅσοις

280 3884 356 3952 τάδ’
380 3884 450 3952 ἔστ’
474 3884 664 3972 ἆρέσαονθ’,
688 3885 707 3973 ἢ
729 3911 764 3952 τε
786 3887 956 3974 σύμμαχος
979 3885 1063 3973 Δίκη

280 3984 333 4068 χοῖ
356 3985 478 4064 πάντες
500 3982 534 4052 εὖ
557 3986 682 4062 §averso
705 3985 811 4052 eisaei
833 3981 921 4054 θεοί.

266 4100 351 4164 Unde
373 4102 566 4182 consequitur
593 4108 626 4166 ut
655 4101 779 4166 traditus
801 4101 909 4164 horum
937 4117 1077 4164 ruscum
1101 4100 1173 4164 ordo
1195 4099 1234 4164 sit
1255 4108 1320 4164 tnr-

180 4198 276 4262 batus.
316 4200 385 4274 Quo
409 4217 548 4264 concesso
569 4200 629 4264 iam
652 4201 720 4264 licet
742 4221 793 4264 eos
819 4200 865 4263 sic
890 4200 1027 4266 ordinere
1060 4208 1094 4264 nt
1123 4206 1220 4264 rectae
1256 4201 1321 4264 dis·

179 4297 337 4380 positionis
369 4299 481 4379 legibus
514 4299 829 4364 convenientissimum
858 4299 981 4362 videtur.
1026 4298 1199 4379 Sequuntur
1221 4308 1319 4362 autem

179 4397 268 4460 etiam
290 4397 374 4478 plura
396 4396 629 4478 perturbationis
651 4399 782 4480 vestigia.
827 4399 902 4462 Nam
924 4397 975 4462 ubi
994 4416 1039 4460 vv.
1056 4396 1224 4462 tat-268
1239 4397 1319 4466 Tbe-

180 4493 266 4562 banis
289 4496 406 4560 crimini
428 4497 525 4573 vertit,
548 4497 629 4580 quod
648 4497 760 4564 facinus
775 4497 959 4578 inexpiatum
975 4496 1114 4562 sivissent
1129 4506 1159 4560 et
1174 4497 1321 4579 exposuit,
