3266 5084
764 319 984 384 „68-

297 507 373 560 esset
405 495 573 575 exemplum
606 493 637 553 in
669 498 729 552 tota
757 492 922 571 graecitate.
966 492 1043 554 Fieri
1066 493 1184 572 quidem
1209 501 1308 572 potest
1332 501 1365 554 ut
1387 512 1439 573 per

261 590 267 598 '
297 614 418 674 zeugma
441 594 519 673 quod
537 600 659 655 vocatur
681 611 697 650 e
720 587 831 653 κλονεῖ
852 591 947 671 aptior
962 591 1140 671 praedicatio
1163 592 1289 654 subiecti
1305 586 1440 664 θάλπος

296 694 497 772 intellegatur,
520 692 572 778 sed
596 709 664 751 cnm
688 696 717 749 et
739 687 809 750 illud
832 686 990 772 χώροισιν
1013 684 1118 752 ἀύτοῦ
1140 709 1155 751 a
1178 691 1341 771 llusgravio
1364 709 1440 754 non·

296 793 367 854 dum
391 791 582 852 emendatum
605 807 669 850 esse
692 805 779 868 supra
802 788 944 868 probasse
968 788 1039 849 mibi
1061 788 1174 862 videar,
1198 788 1251 850 alia
1275 789 1439 851 emendatio

296 891 465 971 quaerenda
487 897 541 962 est,
564 908 620 969 qua
643 887 697 948 hae
713 887 788 946 duae
812 887 993 950 offensiones
1016 888 1166 950 tollantur.
1205 891 1301 968 Atque
1323 888 1439 971 gravius

295 1007 412 1050 versum
437 995 609 1068 corruptum
634 1005 700 1046 esso
723 983 814 1046 libere
836 984 931 1046 fateor
955 1005 1003 1046 me
1026 985 1149 1058 habere,
1173 987 1282 1068 quippe
1305 987 1440 1068 quinon

295 1088 390 1148 solum
413 1104 515 1146 vocem
543 1085 662 1146 inanem
697 1075 800 1145 ἀύτοῦ
834 1083 981 1157 exhibeat,
1015 1085 1066 1146 sed
1101 1085 1187 1148 etiam
1221 1085 1440 1164 praedicatione

295 1185 399 1248 caloris
422 1192 527 1246 careat.
572 1183 673 1262 ltaque
695 1181 830 1261 suspicor
853 1201 973 1244 versum
1002 1183 1033 1244 in
1061 1183 1135 1244 libro
1165 1203 1255 1245 manu
1282 1185 1400 1266 scripto,
1424 1204 1440 1244 e

295 1305 354 1365 quo
376 1283 473 1346 nostri
495 1281 611 1344 codices
633 1280 756 1342 derivati
779 1289 858 1353 sunt,
881 1282 924 1342 sic
946 1281 1091 1342 exstitisse
1115 1281 1299 1344 mutilatum:

395 1393 658 1458 XUPOICIN..
681 1439 688 1454 .
707 1395 771 1456 ΟΥ
770 1396 800 1454 Κ
809 1397 862 1455 ΑΙ
873 1439 880 1454 .
897 1438 904 1454 .
922 1393 1173 1456 ΝΙΝΘΛΛΠ.
1190 1439 1197 1456 .
1215 1393 1342 1458 deor.

294 1511 379 1572 Vides
400 1518 462 1570 tres
485 1527 533 1570 me
555 1506 730 1588 syllabarum
754 1507 873 1569 lacunas
896 1506 1045 1582 statuisse,
1069 1525 1194 1586 quarum
1218 1507 1314 1588 prima
1337 1506 1439 1576 trium,

294 1611 383 1672 altera
414 1617 444 1670 et
459 1615 619 1690 postrema
646 1603 784 1668 binarum
813 1605 979 1668 litterarum
1010 1606 1075 1668 luit.
1120 1607 1201 1680 Quae
1231 1615 1265 1668 ut
1297 1605 1438 1668 emenda-

294 1717 408 1781 rentur,
431 1707 557 1788 syllabae
580 1703 711 1786 expletae
733 1711 820 1786 sunt,
842 1722 916 1782 quae
939 1723 955 1766 a
978 1704 1068 1766 schol.
1093 1705 1180 1768 Laur.
1203 1689 1386 1785 explicantur
1409 1713 1438 1768 et

293 1808 324 1868 in
347 1806 499 1868 codicibus
521 1805 670 1884 leguntur.
715 1801 920 1881 Requiruntur
941 1801 1030 1880 igitur
1052 1803 1221 1877 relativum,
1244 1823 1303 1884 quo
1327 1803 1363 1864 ad
1385 1803 1437 1866 de-

294 1903 524 1966 monstrativum
557 1898 704 1964 rorotods
735 1904 878 1974 retertur,
912 1919 1022 1964 nomen
1049 1903 1167 1974 caloris,
1204 1910 1307 1982 aptum
1334 1902 1437 1964 caloris

294 2004 424 2066 verbum.
449 2001 537 2076 Quod
549 2017 714 2080 pronomen
729 1999 883 2060 relativum
900 1995 1022 2074 ἔνθα,
1038 2018 1149 2062 nomen
1164 2001 1269 2063 caloris
1285 2000 1436 2082 καῦμα,

294 2101 415 2163 verbum
437 2095 581 2161 θάλπω
605 2099 698 2160 fuisse
720 2107 801 2160 ratus
825 2115 941 2160 versum
966 2097 1009 2160 sic
1030 2099 1143 2179 refingo

346 2271 348 2276 ,
391 2207 559 2293 peroraro,
583 2205 669 2272 ἔνθ’
693 2203 731 2272 οὗ
754 2206 888 2290 καῦμά
909 2229 963 2272 νιν
984 2201 1125 2272 θάλπει
1149 2209 1242 2274 θεοῦ.

293 2325 395 2404 ltaque
416 2340 557 2384 versuum
583 2321 729 2382 sententia
757 2321 830 2382 haec
863 2331 921 2382 est:
956 2325 1104 2384 ‘iuventus
1128 2326 1163 2384 iis
1189 2321 1255 2384 locta
1278 2325 1435 2396 succrescit,

291 2424 344 2486 ubi
356 2441 419 2484 coro
432 2439 491 2482 nou
507 2421 553 2482 dci
566 2429 660 2482 aestus
685 2423 753 2490 urit,
780 2436 868 2499 oeque
893 2418 985 2500 imber
1010 2429 1061 2480 oct
1081 2420 1210 2499 procella
1234 2420 1298 2481 ullo
1322 2419 1434 2482 oeaot’.

292 2522 334 2582 ld
358 2519 468 2602 καῦμα
488 2515 618 2580 θάλπει
642 2519 678 2580 cl.
697 2515 752 2580 καὶ
774 2513 874 2598 καῦμ’
897 2513 1030 2580 ἔθαλπε
1053 2521 1121 2580 Ant.
1138 2538 1164 2580 v.
1180 2519 1253 2580 417.

396 2678 402 2696 .
462 2633 481 2692 5
1097 2685 1098 2690 ,

376 2631 507 2792 vrsi3Oeri
534 2731 695 2810 Τροπατε,
719 2721 843 2810 μήποτ’
867 2725 1031 2808 slotdorpi
1054 2741 1092 2788 σε

393 2826 477 2910 πρὸς
498 2821 621 2908 τούμὸν
643 2820 727 2888 οὕτω
750 2825 884 2906 σπέρμα
905 2821 1098 2908 perduceret
1119 2843 1180 2888 nor

390 2920 469 3008 μηδ’
493 2926 524 2989 st
545 2947 578 2986 cr
601 2919 746 3006 δράσεις,
768 2921 869 3004 τῆσδέ
890 2945 928 3000 γε
951 2919 1055 3006 ζώσης
1077 2920 1135 2988 ἔτι.

290 3055 422 3116 Deianira
456 3062 612 3134 postquam
640 3051 766 3112 eLicba
801 3051 944 3112 victorem
977 3057 1006 3112 et
1039 3051 1152 3112 salvum
1174 3051 1330 3115 Herculem
1364 3071 1433 3114 mox

291 3173 355 3214 esse
378 3152 543 3213 rediturum
557 3137 689 3230 accepit,
719 3149 852 3230 quamvis
885 3149 959 3210 laeta
981 3149 1037 3210 boc
1058 3149 1164 3211 nuntio
1191 3160 1291 3213 tamen
1312 3169 1433 3232 praesa-

289 3253 372 3332 giens
394 3249 529 3312 futurum
548 3249 657 3310 malum
672 3247 890 3328 puellas,·quas
913 3247 1040 3327 captivas
1056 3249 1178 3311 miserat
1193 3251 1326 3326 maritus,
1350 3267 1431 3312 com-

290 3350 458 3412 miseratur.
515 3348 591 3408 Tum
624 3345 720 3408 subita
752 3347 887 3426 perculsa
920 3346 1066 3410 anxietate
1098 3349 1197 3410 lovem
1231 3349 1432 3410 Auerruncum

290 3449 439 3528 implorat,
462 3465 501 3507 ne
522 3445 630 3508 liberos
655 3463 754 3507 servos
776 3445 881 3506 reddat
904 3463 1009 3518 neve,
1040 3447 1070 3506 si
1101 3447 1271 3510 facturus
1294 3449 1363 3524 sit,
1395 3465 1431 3509 se

288 3547 367 3608 viva
390 3546 424 3606 id
447 3545 571 3607 faciat.
608 3544 746 3605 Extrema
770 3543 858 3604 verba
880 3542 952 3604 mibi
968 3544 1203 3624 quotiescunque
1224 3546 1314 3625 relegi
1336 3547 1430 3607 offen-

288 3645 407 3706 debant.
452 3641 528 3716 Quid
553 3643 632 3703 enim
656 3651 702 3703 est
724 3661 739 3701 a
764 3641 864 3702 matris
888 3647 991 3703 natura
1014 3643 1151 3716 alienius,
1178 3644 1248 3723 quid
1270 3645 1431 3706 immanius

289 3750 340 3804 aut
362 3743 494 3822 asperius
517 3759 606 3821 quam
634 3741 691 3801 tale
715 3739 786 3818 quid
809 3740 970 3802 concedere
993 3751 1133 3815 matrem,
1162 3741 1233 3803 dum
1256 3743 1344 3804 modo
1367 3743 1430 3820 ipsa

288 3859 327 3901 ne
350 3841 458 3902 sentiat
479 3840 590 3900 malum
612 3838 710 3900 liberis
732 3835 871 3900 illatum?
908 3839 968 3900 Soli
991 3847 1092 3900 autem
1113 3841 1192 3920 quod
1215 3840 1306 3902 sciam
1322 3841 1430 3902 Weck-

288 3939 360 3999 linio
393 3940 465 4000 haec
498 3937 647 4000 sententia
680 3955 745 4002 esse
777 3937 969 4000 inhumanior
996 3937 1119 4000 videtur.
1165 3937 1222 4012 Qui
1244 3957 1313 4000 vero
1336 3959 1429 4020 quum

287 4037 401 4116 optime
423 4044 522 4100 tamen
544 4057 576 4100 se
598 4038 706 4100 babere
728 4038 799 4102 dicit
820 4059 946 4112 versum,
973 4037 1053 4118 quod
1076 4043 1106 4098 et
1127 4045 1231 4100 natura
1255 4038 1430 4118 exprimitur

288 4135 338 4198 illa
359 4135 575 4198 desideratione
597 4147 627 4198 et
648 4138 727 4216 quod
750 4145 874 4200 eventus
896 4137 1039 4200 rationem
1055 4135 1144 4198 habet
1164 4143 1259 4216 pocta,
1283 4136 1374 4214 magis
1398 4145 1430 4198 ut

290 4251 406 4296 versum
430 4234 567 4296 defendat
590 4233 662 4296 mibi
684 4235 800 4298 videtur
821 4243 978 4316 spectasse,
1003 4252 1090 4315 quam
1111 4233 1181 4314 quid
1203 4243 1291 4314 poeta
1306 4234 1428 4312 dignum

288 4330 328 4392 sit
354 4330 528 4411 respexisse.
574 4332 660 4394 Nullo
688 4333 778 4412 igitur
804 4335 905 4396 modo'
921 4343 947 4396 a'
967 4345 1014 4396 nte
1042 4333 1201 4413 impetrare
1224 4349 1366 4413 possum,
1395 4341 1429 4394 ut

288 4429 360 4492 haec
381 4429 533 4510 scripsisse
556 4432 676 4494 credam
698 4450 850 4495 summum
873 4439 1005 4512 poetam,
1034 4431 1086 4512 qui
1107 4431 1358 4510 quemadmodum
1381 4431 1428 4494 al-
