3268 5072
736 289 934 350 ..6-

262 465 364 544 Neque
396 463 474 525 enim
503 464 530 524 id
558 465 654 526 solum
682 465 793 526 referre
816 471 889 544 puto
919 463 1154 526 emendationem
1183 463 1317 536 inveniri,
1348 465 1399 525 sed

262 563 350 626 etiam
373 563 501 625 rationes
524 570 613 644 atque
636 571 808 642 argumenta
838 563 951 636 afferri,
980 562 1088 643 quibus
1118 582 1205 643 quam
1234 563 1400 624 necessaria

263 669 350 742 atque
383 661 542 743 probabilis
575 663 613 724 sit
643 664 874 725 demonstretur.
924 663 1004 724 Inter
1032 679 1136 724 omnes
1167 662 1247 725 enirn
1277 668 1400 733 constat,

263 769 371 841 quanta
404 761 532 834 soltertia
568 769 655 842 atque
689 782 759 826 cura
788 762 902 842 antiqui
933 761 1090 842 scriptores
1119 761 1206 824 verba
1235 780 1287 824 sua
1319 779 1401 822 com-

263 860 428 942 posuerint.
480 860 564 934 Quod
598 879 664 922 curn
698 879 733 921 ex
767 859 867 922 multis
901 860 964 922 aliis
996 860 1254 940 grammaticorum
1283 858 1401 939 scriptis

264 969 402 1041 apparet,
433 966 498 1021 tum
531 979 566 1021 ex
599 959 729 1040 Dionysii
759 958 1025 1022 Halicarnassensis
1059 960 1095 1022 de
1127 959 1287 1021 verborum
1320 977 1401 1019 com-

264 1057 411 1140 positione
441 1059 530 1134 libro,
565 1059 692 1121 maxime
722 1077 790 1120 vero
821 1077 855 1119 ex
885 1059 947 1120 eius
977 1059 1124 1139 capitisV
1151 1059 1261 1121 verbis:
1296 1053 1402 1140 πολλὴ

265 1153 408 1240 πρόνοια
438 1165 509 1231 τοῖς
540 1153 690 1242 ἀρχαίοις
726 1152 766 1241 ἦν
799 1156 853 1222 καὶ
887 1166 1045 1240 ποιηταῖς
1081 1156 1136 1220 καὶ
1170 1155 1402 1240 συγγραφεῦσι,

265 1251 466 1340 φιλοσόφοις
492 1279 527 1318 τε
557 1256 613 1319 καὶ
647 1254 779 1341 ῥήτορσι
808 1256 863 1339 τῆς
893 1249 982 1330 ἰδέας
1008 1253 1141 1341 ταύτης·
1175 1255 1231 1318 καὶ
1260 1251 1334 1319 οὔτε
1362 1253 1404 1316 τὰ

266 1351 413 1438 ὀνόματα
440 1364 511 1429 τοῖς
539 1351 680 1439 ὀνόμασι
708 1353 781 1419 οὔτε
809 1353 850 1418 τὰ
883 1353 971 1418 κῶλα
1002 1365 1072 1430 τοϊς
1099 1353 1218 1430 κώλοις
1245 1346 1319 1418 oir'ra
1346 1351 1404 1426 τὰς

267 1447 444 1539 περιόδους
472 1450 630 1538 ἀλλήλαις
659 1455 746 1544 εἰκῇ
774 1450 953 1518 συνάπτειν
983 1452 1085 1540 ᾤοντο
1108 1453 1195 1520 δεῖν·
1228 1455 1339 1536 τέχνη
1363 1449 1405 1515 δέ

265 1577 326 1627 τις
357 1547 403 1636 ἦν
425 1549 523 1638 ,παρ’
553 1549 696 1628 αὐτοῖς
723 1553 788 1616 καὶ
815 1549 1078 1637 θεωρήματα,
1114 1551 1174 1627 οἷς
1206 1549 1404 1636 χρεόμενοι

267 1654 539 1718 συνετίθεσαν
567 1647 615 1717 εὖ.
661 1653 757 1728 Quem
780 1654 869 1734 igitur
890 1661 983 1716 artem
1005 1654 1120 1735 antiqui
1141 1653 1176 1716 ad
1200 1651 1406 1734 componenda

267 1752 352 1814 rerba
375 1751 574 1828 adhibuerint,
598 1772 662 1814 eam
686 1771 747 1816 non
770 1754 867 1818 solum
891 1753 1117 1833 cogitationibus
1139 1751 1320 1832 argumentis
1343 1769 1405 1812 non

267 1850 401 1923 ¹firmatis,
429 1853 480 1916 sed
503 1853 548 1914 via
571 1872 604 1915 ac
625 1852 740 1916 ratione
766 1852 960 1916 restituamus
984 1860 1116 1934 oportet,
1143 1861 1177 1916 ut
1203 1851 1326 1914 tandem
1353 1849 1405 1910 ali·

268 1950 387 2030 quando
420 1951 456 2012 de
480 1951 611 2031 ¹siugulis
644 1953 725 2026 locis,
753 1951 848 2032 quoad
879 1952 942 2014 eius
970 1952 1034 2014 fieri
1061 1952 1167 2032 possit,
1194 1971 1238 2013 vv.
1262 1950 1310 2014 dd.
1334 1967 1406 2012 con·

267 2049 407 2112 sentiant.
452 2051 530 2114 Fieri
552 2059 653 2116 autem
676 2068 736 2113 non
763 2058 861 2132 potest
883 2052 955 2131 quin
982 2051 1151 2114 emendanti
1177 2051 1277 2114 critico
1304 2050 1406 2112 eadem

268 2167 344 2230 quae
366 2149 433 2219 ¹iam
468 2151 531 2212 aliis
564 2150 595 2212 in
629 2141 760 2214 mentem
795 2150 924 2212 veniant.
977 2149 1088 2223 Quodsi
1120 2150 1209 2228 igitur
1242 2148 1408 2213 emendatio

269 2249 375 2312 veteris
398 2249 489 2312 critici
512 2250 642 2330 neglecta
663 2249 765 2321 iaceat,
788 2251 868 2330 quod
892 2248 979 2312 nullis
1005 2258 1056 2310 aut
1077 2249 1204 2312 infirmis
1227 2248 1408 2329 argumentis

272 2347 443 2412 confirmata
478 2358 537 2423 est,
575 2348 745 2430 posterioris
777 2349 868 2412 critici
901 2347 1029 2410 candem
1061 2347 1299 2412 emendationem
1333 2347 1409 2428 aptis

269 2447 434 2512 rationibus
470 2447 692 2529 comprobantis
730 2465 818 2528 opera
856 2465 925 2510 non.
955 2446 1071 2510 silentio
1116 2455 1256 2528 tanquam
1296 2445 1409 2508 inutilis

270 2547 542 2628 praetermittenda,
566 2549 618 2610 sed
641 2555 674 2610 ut
695 2547 782 2610 laude
796 2547 881 2628 digua
896 2547 1156 2610 commemoranda
1179 2557 1232 2608 est.
1270 2547 1409 2608 Ceterum

271 2647 304 2718 si,
328 2665 403 2727 quae
425 2646 456 2710 in
478 2648 536 2710 boc
556 2646 656 2710 libello
671 2647 801 2727 exposita
819 2655 899 2722 sunt,
922 2647 1001 2710 torte
1022 2647 1081 2710 iam
1103 2647 1140 2710 ab
1162 2646 1224 2710 aliis
1246 2665 1295 2709 me
1308 2645 1409 2708 nescio

271 2747 384 2828 prolata
415 2747 485 2821 sint,
521 2765 554 2810 ea
581 2765 630 2810 me
656 2746 717 2810 suis
739 2746 906 2810 auctoribus
934 2747 1070 2810 restitute
1099 2747 1171 2808 veile
1199 2747 1310 2810 diserte
1339 2763 1408 2826 pro-

271 2847 388 2910 nuntio.
440 2846 503 2919 Qua
532 2845 565 2908 in
593 2863 625 2908 re
654 2863 741 2925 spero
768 2845 831 2908 fore
858 2845 991 2908 etmihi
1019 2845 1166 2908 excusatio
1195 2845 1242 2918 sit,
1274 2845 1353 2926 quod
1380 2845 1410 2906 iu

272 2946 380 3027 oppido
409 2965 424 3008 a
451 2945 618 3008 litterarum
646 2945 824 3008 commercio
846 2945 1047 3008 remotissimo
1069 2951 1186 3025 praeter
1208 2961 1311 3025 panca,
1333 2963 1410 3024 quae

272 3044 345 3108 mihi
374 3045 617 3126 suppeditabant,
649 3045 814 3108 litterarum
841 3044 984 3108 subsidiis
1014 3063 1089 3126 quae
1115 3044 1234 3125 quidem
1263 3043 1411 3106 sufficiant

271 3163 363 3224 prope
386 3145 545 3208 destitutus
572 3162 648 3206 sum.
683 3143 803 3206 Accedit
825 3145 904 3224 quod
926 3145 995 3206 sede
1017 3151 1086 3206 ante
1108 3142 1162 3205 hos
1184 3160 1292 3224 pancos
1314 3161 1410 3205 annos

273 3251 386 3312 mutate
409 3261 447 3306 no
471 3261 521 3304 eos
537 3241 656 3323 quidem
679 3241 779 3317 libros,
802 3243 909 3323 quibus
925 3261 996 3306 usus
1013 3261 1102 3315 eram,
1126 3259 1301 3323 recuperare
1316 3242 1408 3322 potui.

357 3342 514 3424 Reliquum
544 3348 589 3404 est
617 3349 650 3406 ut
675 3341 725 3415 iis,
754 3343 860 3422 quibus
889 3362 955 3406 mea
981 3343 1013 3406 in
1041 3343 1194 3423 pecteret
1222 3342 1409 3404 emendando

273 3444 318 3506 vel
340 3440 561 3523 interpretando
582 3459 669 3521 opera
692 3440 814 3522 probata
837 3442 884 3517 sit,
908 3461 996 3523 quam
1019 3460 1141 3522 possunt
1165 3441 1305 3504 maximas
1328 3459 1410 3521 agam

274 3541 392 3624 gratias.

360 3673 468 3735 Datum
491 3671 748 3752 Wongrovico.
