3268 5072
751 313 972 375 ...22-

292 491 372 570 quod
406 488 548 551 audiverit
581 489 804 552 iucundissimo.
856 491 1020 553 Venturam
1055 498 1085 551 et
1117 491 1310 570 multipedem
1344 497 1431 570 atque

292 585 498 652 multimanam
520 588 648 662 Furiam,
672 607 765 668 quum
787 591 938 652 eontentio
961 591 991 652 in
1015 591 1162 671 cupiendo
1184 591 1298 652 incesto
1322 607 1431 652 concu-

292 687 355 751 bitu
376 707 429 750 eos
450 687 599 757 invaserit,
623 706 698 767 quos
721 687 802 750 nefas
826 691 873 752 sit.
919 689 1034 764 Quibus
1056 689 1180 752 cantatis
1201 689 1346 770 pergitur:
1463 689 1465 694 '

393 785 460 871 πρδ
481 784 585 850 τῶνδέ
605 789 657 850 τοί
680 783 716 870 μ’
740 785 806 868 ἔχει

392 921 433 932 --
455 921 497 930 —-
519 885 564 970 μή
587 881 674 949 ποθ’
698 882 777 970 ἡμὶν

392 980 514 1066 ἀψεγὲς
537 983 644 1048 πολῶν
664 987 760 1065 τέρας

393 1093 464 1157 τοῖς
486 1082 589 1168 δρῶσι
612 1082 667 1146 καὶ
690 1082 883 1167 συνδρῶσιν.

294 1197 389 1259 Locus
411 1205 444 1258 ut
466 1205 588 1277 apparet
609 1198 783 1277 scopulosus
800 1205 890 1286 atque
912 1197 1048 1260 difficilis.
1087 1197 1247 1270 Quaeritur
1269 1196 1350 1258 enim
1372 1195 1434 1276 pri·

295 1315 377 1358 mum
400 1303 519 1358 rectene
540 1317 572 1358 se
587 1296 713 1358 habeant
728 1294 794 1380 πρὸ
818 1295 921 1360 τῶνδε
936 1303 966 1358 et
982 1297 1060 1359 nude
1074 1297 1204 1377 positum
1227 1293 1307 1375 ἔχει,
1331 1295 1436 1358 deinde

295 1391 393 1458 utrum
418 1395 567 1476 scripserit
589 1404 673 1476 poeta
697 1389 776 1478 ἡμίν
798 1414 836 1457 an
858 1387 949 1475 δμίν,
972 1413 1046 1456 num
1070 1389 1205 1479 ἀψεγὲς,
1236 1394 1364 1474 denique
1386 1393 1437 1473 qui

295 1497 354 1558 sint
377 1491 410 1557 oi
432 1493 571 1577 δρῶντες
593 1492 648 1555 καὶ
672 1492 882 1578 σονδρῶντες.

380 1597 476 1674 Atque
492 1593 620 1674 primum
637 1593 756 1675 quidem
777 1594 857 1674 quod
878 1593 984 1655 attinet
1005 1594 1041 1656 ad
1064 1592 1122 1652 vim
1145 1599 1175 1653 et
1195 1589 1437 1671 significationem
1520 1661 1522 1664 ¹

296 1693 506 1775 praepositioni
530 1688 596 1774 πρό
618 1693 674 1754 hoc
696 1693 760 1754 loco
789 1691 978 1754 tribuendam
1002 1700 1125 1772 apparet
1148 1690 1270 1754 usitatas
1293 1689 1355 1751 illas
1379 1707 1437 1750 no-

296 1794 392 1855 tiones
414 1799 510 1862 ante,
534 1809 622 1871 prae
644 1807 705 1852 non
728 1790 887 1852 convenire
910 1809 978 1852 cum
1000 1790 1145 1852 sententia
1168 1789 1334 1851 verborum.
1380 1789 1437 1850 Sed

297 1892 446 1972 reperitur
469 1909 484 1952 a
507 1889 535 1951 vi
557 1891 640 1951 locali
662 1899 696 1952 ut
718 1891 757 1952 ita
774 1890 868 1951 dicam
886 1890 1015 1952 derivata
1032 1890 1074 1950 vis
1090 1889 1235 1969 quaedam
1257 1889 1289 1949 in
1311 1889 1437 1950 formula

297 1988 468 2074 μάχεσθαι
491 1986 558 2071 πρό
580 2010 669 2062 τινος
691 1991 708 2052 i.
727 2009 752 2051 c.
768 1983 854 2071 δπέρ
876 2009 975 2062 τινος.
1014 1989 1088 2051 Hinc
1110 1988 1221 2051 dictum
1244 1997 1289 2050 est
1303 1988 1335 2050 ll.
1350 1987 1439 2049 xxiv

298 2109 324 2151 v.
339 2089 416 2150 734:
439 2083 597 2150 ἆθλεείειν
619 2085 684 2170 πρὸ
708 2085 845 2162 ἄνακτος
868 2079 1043 2171 οίμειλίχοο
1066 2097 1095 2150 et
1110 2089 1143 2150 0.
1159 2089 1194 2150 R.
1211 2107 1237 2149 v.
1257 2086 1326 2161 134,
1350 2105 1438 2168 quem

298 2197 365 2270 apte
387 2187 566 2267 comparavit
581 2186 721 2258 Meiueke,
744 2186 810 2270 πρὸ
832 2184 893 2250 τοῦ
915 2185 1078 2260 θανόντος
1099 2182 1190 2270 τήνδ’
1216 2181 1338 2250 ἔθεσθ’
1361 2184 1439 2248 ἐπι-

299 2283 445 2370 στροφήν
467 2287 486 2348 i.
504 2305 527 2347 e.
551 2288 582 2346 iu
602 2289 724 2366 pretium
746 2290 861 2348 mortui.
899 2286 975 2347 'lum
992 2287 1096 2349 Trach.
1112 2307 1139 2348 v.
1156 2286 1217 2347 505
1240 2283 1306 2370 πρὸ
1328 2281 1441 2368 γάμων

299 2389 373 2450 nihil
395 2386 472 2448 aliud
496 2385 640 2465 significat
662 2404 751 2464 quam
773 2390 943 2466 nuptiarum
965 2405 1060 2458 cortou,
1083 2395 1116 2448 ut
1135 2386 1322 2448 Hermannus
1345 2385 1440 2446 inter-

298 2494 430 2569 pretatus
454 2493 506 2546 est.
552 2483 624 2544 Nam
647 2484 726 2546 viros
754 2485 885 2545 valentes
913 2492 981 2546 ante
1004 2485 1139 2564 nuptias,
1170 2493 1204 2546 ut
1230 2484 1315 2546 reddi
1337 2484 1441 2546 volunt

300 2586 430 2660 Ellendt,
459 2584 518 2655 alii,
546 2584 582 2646 de
605 2584 738 2647 Deianira
761 2585 920 2646 certavisse
941 2592 1048 2666 sponte
1072 2585 1259 2664 intellegitur.
1304 2583 1354 2646 Sic
1375 2580 1440 2664 πρὸ

301 2681 422 2768 φόβοιο
446 2684 476 2744 ll.
493 2683 578 2753 xvir,
602 2704 627 2744 v.
646 2683 716 2751 607,
739 2693 785 2745 est
807 2683 840 2745 ob
864 2687 1002 2754 timorem,
1035 2688 1133 2746 timore
1157 2683 1278 2754 adducti,
1301 2686 1440 2744 commoti.

300 2786 379 2860 Quin
402 2785 490 2848 etiam
513 2778 580 2866 πρό
594 2785 681 2864 plane
697 2784 799 2846 eadem
815 2784 842 2844 vi
866 2803 923 2864 qua
947 2778 1019 2847 διντί
1042 2784 1156 2845 dictum
1179 2791 1234 2844 est.
1270 2783 1336 2844 Non
1360 2783 1441 2844 enim

301 2887 384 2948 aliter
406 2883 496 2964 accipi
519 2891 617 2964 potest
640 2883 673 2944 0.
691 2883 721 2945 C.
737 2903 762 2944 v.
783 2882 863 2945 1524

402 2990 444 3069 ῶς
467 3012 522 3057 σοι
544 2993 610 3077 πρὸ
633 2978 767 3058 πολλῶν
790 2990 946 3057 ἀσπίδων
968 2989 1067 3078 ἄλκην
1089 2987 1147 3057 ὅδε
1169 2991 1236 3056 κτλ.

301 3125 397 3204 litque
420 3124 497 3184 hanc
518 3121 744 3202 praepositionis
768 3121 824 3182 vim
849 3121 1000 3202 aptissime
1022 3122 1054 3182 in
1077 3123 1157 3183 hunc
1178 3122 1276 3183 locum
1299 3122 1443 3201 quadrare

303 3232 332 3284 et
363 3219 428 3299 πρὸ
458 3218 560 3282 τῶνδε
588 3239 656 3281 cum
685 3216 789 3281 πελᾶν
815 3222 910 3301 τέρας
938 3220 1145 3300 coniungenda
1174 3240 1239 3284 esse
1264 3229 1346 3284 recte
1372 3221 1444 3281 vidit

302 3321 410 3385 Nauck.
448 3318 522 3401 Πρὸ
544 3315 645 3381 τῶνδε
669 3321 748 3380 enim
770 3320 897 3382 refertur
916 3322 953 3382 ad
968 3340 1010 3382 vv.
1027 3319 1150 3400 493sq.,
1172 3329 1206 3383 ut
1221 3321 1260 3382 sit
1275 3315 1348 3382 ἀντὶ
1369 3316 1442 3382 τού-

302 3441 367 3482 των
388 3409 579 3501 μιαιφόνων
600 3413 723 3499 γάμων,
747 3410 792 3480 ῶν
815 3404 1028 3502 ἁμιλλήματα
1042 3413 1162 3494 αῧτοδς
1176 3439 1217 3481 sc.
1236 3415 1443 3502 Κλυταιμνή-

307 3535 409 3600 στραν
430 3517 486 3578 καὶ
513 3517 700 3594 Αἴγισθον,
725 3515 838 3602 ἐπέβη.

388 3616 501 3676 Deinde
524 3616 559 3676 ad
584 3617 663 3678 nude
686 3615 816 3696 positum
847 3613 912 3694 ε”χει
940 3638 982 3698 με
1008 3616 1192 3696 significans:
1220 3624 1301 3680 tenet
1328 3635 1375 3678 me
1402 3636 1443 3678 sc.

202 3794 203 3797 Ἴ
304 3715 450 3778 sententia
488 3733 562 3794 quae
598 3715 751 3794 sequitur,
793 3716 937 3777 tuendum
976 3734 1036 3776 non
1073 3717 1182 3778 desunt
1225 3715 1443 3777 similitudines.

304 3813 415 3876 Eadem
439 3814 518 3874 enim
542 3813 656 3876 ratione
678 3815 843 3894 praedicata
868 3822 938 3876 sunt
966 3814 1054 3877 verba
1085 3813 1315 3897 είσέρχοσθαι,
1345 3812 1444 3898 ἐπέρ-

305 3915 442 3994 χεσθαι,
466 3915 711 3994 παρίστασθαι,
738 3915 774 3974 cf.
791 3914 895 3975 bosch.
913 3913 1012 3990 Prom.
1028 3934 1071 3974 vv.
1091 3914 1223 3996 totasq.

412 4023 592 4088 εἰσελθέτω
615 4040 652 4088 σε
674 4021 796 4108 μήποτ’
821 4021 865 4098 ῶς
887 4022 949 4102 ἒγῶ
974 4023 1057 4100 Διὸς

405 4120 537 4208 ννῶμην
559 4123 724 4207 φοβηθείς
746 4117 912 4207 θηλύνους
934 4117 1125 4207 γενήσομαι.

306 4237 438 4318 Euripid.
455 4239 538 4300 Herc.
555 4239 614 4300 fur.
630 4257 675 4298 vv.
693 4236 754 4298 302
762 4257 807 4318 sq.

407 4346 469 4433 ἤδη
492 4345 525 4412 δ’
548 4345 673 4432 ἐσῆλθέ
693 4344 731 4431 μ’
755 4349 786 4411 εί
808 4351 1107 4432 παραιτησαίμεθα

408 4444 514 4531 (μονὰς
535 4448 656 4510 τέκνων
676 4442 784 4510 τῶνδ’.
