3268 5072
747 328 967 391 ..14..

287 522 380 585 aequo
403 511 436 567 ut
460 504 612 566 videbatur
634 504 732 566 animo
755 504 786 565 in
808 503 971 566 tentorium
994 521 1082 566 suum
1105 521 1137 565 se
1159 511 1318 586 receperat.
1364 503 1423 564 Sed

287 623 379 684 quum
415 603 461 666 sui
497 610 651 684 sperarent
692 603 756 666 lore
793 611 825 666 ut
866 604 1017 685 paullatim
1054 603 1208 666 sedaretur
1244 599 1423 682 ignominiae

286 711 421 785 acceptae
451 703 548 778 dolor,
581 712 667 766 nocte
695 723 779 766 caeco
806 706 907 768 furore
939 704 1085 785 impulsus
1112 712 1231 784 praeter
1253 701 1425 784 opinionem

286 803 433 884 pecudum
456 803 575 866 caedem
597 813 825 885 perpetraverat

370 921 395 963 v.
419 901 491 964 405.
535 903 605 965 Aiax
628 911 783 979 nocturno,
812 923 871 986 quo
899 923 967 966 eum
989 901 1117 965 Minerva
1144 897 1288 976 allaterat,
1322 901 1423 964 furore

286 1003 360 1066 liber
393 1019 492 1064 eoram
522 1001 690 1067 Salaminiis
723 1003 784 1066 suis
818 1002 1004 1066 acerbissime
1031 1001 1225 1084 conqueritur
1256 1019 1297 1066 se,
1315 990 1424 1061 fortem

286 1103 368 1165 illum
402 1119 499 1181 neque
532 1120 663 1183 unquam
689 1102 721 1164 in
749 1103 855 1183 pugnis
882 1101 1074 1182 perterritum
1107 1099 1268 1182 pecudibus
1302 1097 1424 1160 minime

287 1198 520 1263 formidabilibus
543 1219 648 1264 manus
672 1201 819 1277 iniecisse,
849 1200 987 1264 tenebras
1013 1200 1110 1262 lucem
1140 1218 1224 1262 suam
1254 1199 1371 1260 invocat
1392 1204 1425 1259 ut

286 1321 318 1365 sa
339 1299 460 1381 recipiat
480 1298 617 1375 incolam,
641 1285 734 1382 quum
756 1299 814 1363 vita
836 1300 974 1380 indignus
995 1299 1049 1377 sit3
1080 1317 1139 1380 quo
1163 1298 1242 1362 enim
1265 1296 1424 1377 confugiat,

287 1399 339 1462 ubi
360 1399 421 1464 iam
445 1396 600 1462 versetur?
634 1400 737 1480 Pergit

386 1524 417 1587 εί
437 1521 479 1586 τοὶ
500 1519 560 1606 μὲν
583 1527 713 1608 φθίνει,
737 1521 844 1608 φίλοι,
867 1518 975 1588 τοῖσδ’
999 1519 1083 1608 ὁμοῦ
1105 1521 1222 1599 πέλας,

386 1621 511 1708 μώραις
534 1619 565 1687 δ’
589 1621 706 1707 ἄγραις
729 1625 968 1708 προσιοίμεθα,

387 1723 454 1798 πᾶς
477 1721 515 1786 dt
537 1721 674 1808 στρατὸς
695 1721 856 1798 δίπαλτος
881 1719 922 1788 ἄν
943 1725 984 1806 με

385 1821 471 1906 χειρὶ
494 1820 641 1906 φονεύοι.

287 1946 379 2010 Verba
402 1947 433 2010 ελ
453 1945 495 2010 τὰ
515 1946 577 2030 μὲι
599 1983 639 1992 -
663 1933 765 2020 πέλας
787 1953 926 2028 corrupta
952 1965 1017 2008 esse
1040 1945 1185 2008 evincitur
1207 1951 1237 2006 et
1259 1943 1425 2006 sententiae

287 2047 464 2110 obscuritate
488 2055 518 2110 et
539 2047 634 2110 verbis
657 2047 858 2128 antistrophae
880 2065 954 2128 quae
976 2047 1161 2130 respondent

386 2171 485 2257 ἐξερῶ
505 2173 599 2256 μέγα,
623 2169 694 2236 olor
716 2167 755 2236 οὔ
777 2193 852 2236 τινα
878 2173 983 2256 Τροία
1006 2169 1155 2255 στρατοῦ.

285 2300 382 2380 Atque
414 2291 544 2382 primum
577 2297 698 2380 quidem
730 2300 837 2361 horum
871 2299 1086 2361 versiculorum
1120 2304 1250 2359 metrum
1287 2293 1425 2376 tripudiis

286 2399 441 2463 trochaicis
464 2399 640 2464 catalecticis
670 2406 808 2461 constare
835 2406 965 2479 apparet.
1011 2397 1074 2472 Qua
1097 2396 1215 2460 catalani
1238 2395 1335 2458 hiatus
1358 2411 1425 2456 ver-

286 2495 395 2560 borum
417 2497 499 2580 μέγα
514 2507 544 2561 et
560 2495 632 2562 olor
647 2497 818 2560 admittitur.
858 2497 1050 2560 destituenda
1065 2503 1110 2558 est
1125 2496 1223 2577 igitur,
1247 2502 1280 2558 ut
1295 2502 1425 2556 metrum

287 2597 437 2670 restituas,
465 2617 554 2680 quam
576 2617 629 2679 pro
657 2599 761 2681 Τροία
789 2597 946 2679 proposuit
968 2597 1001 2658 G.
1024 2596 1176 2659 Hermann
1205 2599 1300 2657 forma
1323 2593 1425 2656 llorioa

293 2698 415 2780 prlor,
444 2715 526 2778 quae
542 2697 653 2778 optime
676 2697 830 2760 conveniat
852 2696 974 2760 carmini
1000 2696 1115 2759 melico.
1159 2695 1224 2768 Quo
1246 2695 1359 2756 factum
1382 2699 1427 2755 est

289 2805 322 2858 ut
353 2797 433 2858 inter
464 2815 496 2858 se
528 2797 727 2878 respondeant
754 2797 888 2860 versiculi
921 2795 1047 2859 extremi
1079 2797 1191 2878 Τροία
1224 2793 1364 2877 superori
1397 2801 1427 2856 et

288 2891 398 2959 τοῖσδ’
421 2890 506 2977 ὁμοῦ
528 2893 631 2970 πέλας
654 2904 684 2958 et
705 2897 793 2977 primi
815 2893 912 2980 ἐξερῶ
935 2887 1019 2978 μέγα
1041 2903 1071 2956 et
1093 2894 1124 2956 ελ
1144 2891 1187 2955 τὰ
1212 2890 1273 2976 μέν
1295 2893 1426 2976 φθίνει.

288 2996 389 3076 ltaque
416 3001 510 3058 restat
539 2995 620 3058 solus
647 2996 768 3076 pluralis
790 2992 898 3079 φίλοι,
926 2996 977 3076 qui
998 2994 1176 3076 respondeat
1202 2993 1258 3056 toti
1284 2991 1426 3055 versiculo

227 3126 229 3130 ·
290 3090 361 3158 olor
383 3089 422 3157 οὔ
446 3113 533 3168 τινα,
567 3093 647 3175 quod
680 3095 744 3157 fieri
776 3095 887 3182 nequit
933 3094 1137 3176 Requiruntur
1169 3093 1268 3174 igitur,
1301 3092 1326 3154 si
1354 3108 1426 3154 con·

289 3193 412 3256 cessaris
445 3200 479 3256 ut
512 3189 606 3276 φίλοι
634 3194 805 3274 pronomini
819 3183 907 3258 Ιιινοί
929 3194 1093 3267 conveniat,
1118 3201 1179 3254 tres
1201 3191 1327 3272 syllabae
1348 3197 1428 3254 tom-

289 3309 396 3374 porum
419 3291 559 3374 quinque,
582 3311 657 3374 quae
680 3294 841 3374 explendae
863 3301 942 3356 sunt.
975 3293 1073 3374 Atque
1096 3311 1190 3373 quum
1212 3291 1426 3354 sententiarum

289 3409 433 3456 conexum
455 3409 544 3474 quem
566 3411 655 3473 supra
676 3393 867 3474 exposuimus
888 3392 1065 3474 respexeris,
1088 3390 1237 3454 Lobeelrlo
1254 3399 1284 3453 et
1298 3391 1427 3455 Naucbio

289 3493 358 3556 etl.
375 3493 410 3554 H.
427 3490 592 3555 Schmidtio
607 3492 768 3555 assentiare
791 3499 909 3574 oportet
923 3493 1040 3556 Aiacem
1063 3491 1095 3554 in
1117 3491 1197 3554 hunc
1219 3490 1283 3554 lere
1304 3491 1427 3552 modum

289 3591 533 3655 lamentationem
556 3593 762 3655 continuasse:
785 3593 826 3654 ‘si
848 3577 966 3673 q'uidem
991 3591 1084 3672 gloria
1105 3607 1206 3654 rerum
1228 3610 1244 3653 a
1268 3609 1315 3652 me
1331 3597 1427 3670 gesta-

289 3709 355 3755 rum
377 3691 490 3755 interiit
511 3693 566 3756 hac
587 3693 676 3755 caede
697 3691 854 3773 pecudum,
883 3690 1005 3753 stultam
1032 3695 1131 3752 autem
1158 3689 1298 3770 praedam
1321 3687 1377 3750 laci
1398 3695 1429 3750 et

289 3791 353 3854 eius
383 3791 426 3854 rei
458 3792 600 3854 exercitui
628 3793 806 3854 Graecorum
841 3807 914 3852 neca
940 3807 1008 3852 mea
1035 3807 1145 3871 poenas
1179 3789 1302 3852 daturus
1335 3786 1427 3849 sum'.

291 3889 349 3952 Sed
382 3892 461 3971 quod
495 3893 582 3964 ιίσις
611 3909 664 3972 pro
691 3884 802 3952 τοῖσδ’
825 3889 942 3952 Lobeclr
963 3888 1127 3970 corrigebat
1149 3897 1178 3951 et
1206 3884 1312 3970 δόμου
1335 3884 1428 3960 κλέος

289 3989 445 4069 explebant
468 4009 510 4052 rv.
534 3991 594 4065 dd.‚
622 4009 697 4071 quos
720 3989 852 4052 secundo
883 3987 947 4050 loco
969 3986 1210 4063 commemorari,
1239 3987 1429 4049 vehementer

290 4089 440 4152 falluntur.
483 4090 535 4152 llle
556 4090 637 4152 enim
660 4087 805 4151 ultionem
827 4087 892 4150 loco
912 4087 1008 4150 alieno
1030 4087 1168 4161 inseruit,
1191 4101 1265 4167 quae
1286 4085 1427 4148 extremis

290 4187 410 4250 demum
433 4189 573 4269 strophae
595 4186 690 4250 verbis
714 4187 865 4267 aptissime
887 4186 1067 4250 describitur·
1090 4195 1120 4248 at
1147 4187 1181 4250 bi
1203 4179 1299 4248 verbis
1322 4181 1427 4267 depos

290 4279 382 4360 κλέος
404 4279 524 4368 expletis
547 4287 634 4349 metri
656 4286 802 4348 rationem
825 4285 1029 4349 turbaverunt.
1066 4286 1120 4350 Sin
1138 4304 1207 4349 vero
1223 4284 1317 4348 Aiacis
1340 4283 1427 4346 verba

290 4374 365 4448 οὐδ’
399 4383 495 4468 ἔργα
527 4387 609 4468 μείω
639 4382 747 4467 χειρὸς
775 4381 915 4470 ἀρκέοας
942 4383 1020 4470 έμῆς
1042 4407 1066 4448 ν.
1084 4385 1146 4448 439
1175 4394 1207 4447 et
1234 4385 1315 4446 chori
1337 4381 1425 4444 verba

290 4485 376 4564 plane
398 4485 507 4550 nostris
530 4485 614 4566 quasi
634 4485 770 4566 parallela
797 4483 839 4547 ιὰ
865 4484 947 4568 πρὶν
968 4481 999 4548 d’
1023 4482 1118 4569 ἔργα
1139 4491 1257 4567 χεροίν-
1271 4483 1427 4566 μεγίστας
