3268 5072
653 353 875 417 ..37-

189 533 319 588 extrema
342 527 470 589 duorum
493 545 633 590 versuum
658 514 745 592 rerba
769 530 865 592 deleta
888 549 968 606 esse,
997 551 1098 595 versus
1121 533 1153 594 in
1177 535 1256 596 hunc
1278 537 1340 596 lere

189 625 313 714 modum
336 625 524 705 retingendos
548 631 686 708 opinatus
709 637 753 690 est

288 740 361 808 ἀλλ’
386 742 460 809 οὐδ’
483 743 565 830 ἐμόν
586 769 638 812 τοι
661 744 916 822 τοῦξανιστάναι
941 745 988 833 [o'
1013 749 1124 840 ἕδρας]

288 839 511 936 redisce-diff
535 845 618 924 doct,
643 850 725 931 πρίν
745 844 778 926 γ’
803 843 845 912 ἂν
866 845 1001 920 &edaldo
1024 847 1129 932 ca[at].

188 967 246 1040 Qui
268 969 312 1030 vir
327 970 355 1030 d.
371 977 405 1030 ut
419 968 520 1031 multis
543 969 606 1030 aliis
629 968 701 1031 locis
725 969 800 1030 miro
823 970 960 1034 acumine
982 971 1053 1052 quid
1076 979 1163 1054 poeta
1187 971 1340 1052 scripserit

189 1067 348 1147 perspexit,
371 1065 530 1128 violentius
552 1067 721 1129 sanandum
738 1087 813 1141 esse,
836 1069 862 1130 si
885 1069 964 1130 hunc
985 1069 1083 1131 locum
1107 1089 1175 1132 vere
1199 1081 1338 1132 sanatum

188 1166 326 1240 volueris,
348 1165 502 1244 ingeniose
522 1166 657 1228 coniecit.
694 1166 807 1230 Tamen
822 1167 897 1230 mihi
919 1167 1156 1230 emendationem
1179 1169 1339 1248 perfecisse

188 1284 248 1327 non
270 1265 394 1326 videtur.
432 1265 565 1329 Offendit
586 1265 667 1328 enim
691 1283 753 1328 non
768 1267 865 1326 solum
887 1265 1079 1328 indefinitum
1101 1268 1178 1341 τινί,
1201 1285 1256 1347 pro
1279 1288 1339 1348 quo

188 1365 282 1426 multo
306 1364 398 1443 magis
420 1382 588 1444 pronomen
611 1363 758 1426 civitatem
789 1363 1001 1426 demonstrans
1028 1366 1257 1444 exspectaveris,
1287 1368 1339 1430 sed

188 1457 276 1525 etiam
304 1482 364 1546 quo
396 1481 500 1524 omnes
528 1482 600 1544 quas
629 1463 712 1524 attuli
742 1449 930 1525 coniecturae
954 1482 995 1524 vv.
1020 1463 1068 1526 dd.
1092 1463 1281 1526 offenderunt
1306 1466 1337 1526 id

187 1561 318 1624 retinuit
364 1561 439 1622 Nam
468 1569 499 1622 et
526 1555 659 1632 ἕνδείξω
684 1571 714 1624 et
736 1557 866 1641 θάρσος
894 1558 964 1623 ἐστὶ
986 1557 1242 1633 τούξανιστάναι
1266 1583 1337 1629 sana

189 1659 270 1732 sunt‚'
304 1660 356 1722 sed
388 1668 424 1721 ut
454 1659 487 1720 ci
522 1655 589 1740 δρῶ
623 1668 760 1740 corrupta
795 1679 860 1722 esse
886 1667 966 1722 recte
990 1659 1096 1723 statuit
1119 1661 1225 1740 unger,
1259 1659 1338 1740 δίχα

188 1755 317 1834 πόλεως
338 1768 479 1840 corrupta
501 1758 670 1820 traduntur.
709 1761 798 1837 Λίχα
821 1759 901 1820 enim
925 1778 993 1821 curn
1008 1759 1144 1839 genetivo
1167 1759 1336 1840 copulatum

188 1859 261 1921 nihil
283 1859 362 1921 aliud
392 1859 448 1920 nisi
475 1861 647 1939 separatim,
672 1859 779 1940 procul
801 1879 828 1931 a,
856 1862 915 1920 sebe
937 1859 1029 1930 volet,
1058 1876 1120 1920 non
1150 1863 1275 1933 incussu,
1305 1868 1338 1922 ut

185 1958 304 2020 Ellendt
337 1965 366 2019 et
398 1957 505 2038 reliqui
538 1956 632 2038 intpp.
650 1957 762 2020 volunt.
778 1957 822 2018 hi.
845 1957 925 2018 enim
946 1977 971 2018 v.
989 1956 1060 2030 768,
1096 1977 1184 2038 quern
1220 1957 1338 2020 Ellendt

186 2065 304 2138 praeter
327 2076 396 2119 eum
420 2073 507 2136 quem
530 2062 692 2118 tractamus
715 2056 793 2126 citat,
816 2053 895 2134 δίχα
916 2054 1009 2118 θεῶν
1032 2055 1143 2118 directe
1165 2057 1338 2136 oppositum

186 2165 230 2218 est
244 2177 271 2218 v.
288 2155 348 2218 767
365 2155 462 2228 θεοῖς
483 2149 569 2236 ὁμοῦ
591 2164 620 2216 et
636 2175 663 2217 v.
680 2155 741 2216 765
758 2153 819 2217 σὺν
834 2152 942 2238 θεῷ*)
966 2153 1065 2235 itaque
1089 2173 1172 2216 suam
1197 2153 1253 2216 sihi
1275 2157 1335 2216 vim

185 2256 323 2319 vindicat.
361 2255 472 2318 Usitata
489 2263 586 2316 autem
612 2255 640 2316 vi
662 2255 710 2315 hic
725 2254 856 2334 positum
879 2253 1057 2315 sententiam
1074 2254 1172 2316 reddit
1194 2254 1335 2333 ineptam.
1368 2275 1370 2280 ·

187 2356 294 2417 Senem
319 2354 398 2416 enlm
426 2352 607 2415 imbecillum
635 2353 680 2414 vir
709 2353 796 2414 etiam
827 2352 892 2438 sine
921 2352 1028 2414 civium
1052 2353 1159 2414 auxilio
1182 2353 1263 2414 solus
1286 2370 1336 2413 re-

185 2453 296 2536 pellere
325 2452 431 2533 potuit.
476 2451 560 2526 Quod
586 2470 654 2514 vero
678 2450 868 2532 potissimum
898 2460 958 2522 est,
991 2451 1056 2532 quis
1079 2469 1140 2512 non
1163 2451 1243 2512 videt
1265 2451 1336 2512 civi-

186 2561 286 2624 tatem,
320 2549 380 2633 τήν
414 2546 528 2624 πόλιν,
563 2569 687 2632 prorsus
722 2569 784 2610 non
812 2549 972 2612 convenire
994 2549 1025 2610 in
1048 2549 1217 2610 membrum
1241 2537 1352 2628 prius(

185 2651 280 2714 multo
293 2651 392 2732 aptius
404 2650 478 2711 adici
490 2648 581 2710 verbo
594 2645 751 2720 rocetta?
773 2647 896 2710 Cuinam
918 2647 1013 2710 incola
1025 2647 1139 2710 facinus
1152 2649 1257 2728 Oedipi
1273 2656 1336 2708 erat

186 2747 362 2812 delaturus?
406 2749 519 2830 Nempe
541 2747 660 2810 civitati.
704 2747 829 2810 Maxime
852 2765 921 2808 vero
954 2747 987 2807 τί
1022 2744 1090 2828 δρῶ
1123 2765 1186 2810 non
1220 2747 1335 2808 admitti

185 2867 274 2930 posse
298 2856 328 2909 et
349 2844 407 2930 τὴν
430 2831 532 2909 Ιπόλιν
553 2847 585 2908 in
601 2844 771 2908 membrum
788 2845 939 2926 posterius
963 2845 1159 2908 inserendum
1183 2865 1249 2907 esse
1263 2864 1334 2925 pro-

186 2948 256 3010 bare
279 2945 352 3008 mihi
374 2945 513 3008 videntur
534 2944 577 3006 illi
599 2942 729 3024 paralleli
751 2951 785 3005 ut
808 2943 847 3005 ita
871 2943 966 3005 dicam
989 2961 1033 3004 vr.
1051 2943 1089 3002 77
1099 2962 1165 3024 sqq.

287 3090 389 3158 adrat
412 3085 485 3174 μέν’
509 3083 614 3174 οὗπερ
636 3085 799 3174 adcedens,
824 3092 884 3162 ἕως
905 3087 971 3167 ἐγώ

286 3185 396 3256 aotod’
418 3183 543 3254 ἐνθάδ’
567 3184 678 3268 αὐτοῦ,
700 3186 747 3271 μὴ
767 3184 839 3250 κατ’
862 3184 958 3262 ἄστυ,
981 3183 1142 3270 δημόταις

287 3287 369 3360 λέξω
392 3283 467 3352 τάδ’
491 3284 612 3350 ἐλθών.
658 3284 732 3349 olds
754 3285 817 3368 γὰρ
840 3284 991 3368 κρινοῦσι
1014 3301 1069 3348 σοι

288 3387 319 3450 εἰ
340 3383 401 3471 χρή
423 3401 461 3450 σε
482 3387 618 3468 μίμνειν
638 3382 658 3468 ἢ
681 3381 893 3467 πορεύεσθαι
916 3376 1031 3449 πάλιν.

186 3537 269 3602 Sicut
290 3537 370 3599 enim
394 3536 488 3598 incola
511 3535 557 3597 his
573 3536 706 3598 versibus
728 3533 839 3596 indicat
861 3553 894 3595 se
918 3532 1031 3595 lacinus
1048 3529 1152 3612 Oedipi
1168 3528 1334 3591 delaturum

187 3657 253 3700 esse
275 3635 445 3706 tribulibus,
469 3643 502 3695 ut
523 3634 564 3709 hi,
589 3653 649 3696 non
671 3634 793 3708 urbani,
817 3633 1027 3702 Athenienses,
1051 3629 1212 3692 decernant
1235 3635 1333 3689 utrum

188 3755 308 3799 manere
331 3735 436 3797 debeat
458 3751 497 3796 an
520 3734 661 3796 recedere
678 3732 819 3812 Oedipus,
843 3731 952 3792 diserte
969 3729 1106 3808 delegans
1130 3729 1165 3788 ad
1182 3747 1225 3786 vv.
1242 3726 1334 3804 47sq.

187 3835 284 3898 verbis
299 3831 343 3918 μή
359 3827 432 3894 κατ’
448 3829 540 3906 ἄστυ,
564 3851 633 3893 nam
650 3829 962 3902 rnutavit'consilium‚
985 3827 1029 3890 sic
1044 3847 1089 3888 vv.
1106 3827 1196 3905 47sq.
1214 3843 1334 3905 quoque

187 3955 219 3996 se
241 3931 351 3995 civitati
373 3930 540 3992 delaturum
575 3949 640 3992 esse
672 3930 749 3994 dicat
781 3947 905 3992 necesse
935 3936 994 4000 est,
1026 3931 1060 3987 ut
1077 3917 1163 3985 ‘haec
1197 3924 1335 3985 decernat

190 4089 402 4102 *uun——

256 4173 280 4240 *)
307 4172 377 4240 Quae
404 4171 486 4240 primu
512 4186 542 4224 sc
568 4170 672 4238 propria
700 4169 727 4222 vi
754 4174 875 4236 usurpata
899 4182 956 4220 esse
974 4165 1098 4218 concedes
1116 4179 1211 4216 memor
1229 4163 1335 4216 llomeri

187 4263 337 4324 poematum,
356 4253 447 4322 quibus
465 4253 503 4306 dii
521 4253 642 4304 heroibus
661 4260 689 4302 ut
707 4251 825 4302 Minerva
844 4250 916 4302 Ulixi
936 4250 1027 4318 Odyss.
1041 4246 1108 4310 Xlll,
1122 4248 1180 4310 301,
1197 4245 1226 4296 ll.
1238 4245 1334 4312 XXlll,

189 4337 238 4388 782
258 4343 283 4387 et
301 4337 416 4388 Diomedi
434 4333 463 4386 ΙΙ.
477 4335 509 4399 V,
529 4335 630 4400 185sq.,
648 4333 752 4400 809sq.‚
769 4333 877 4398 835sqq.
901 4330 936 4395 X,
950 4331 998 4381 278
1006 4345 1043 4394 sq.
1066 4335 1093 4378 et
1110 4327 1207 4378 herilli
1226 4325 1254 4377 ll.
1271 4325 1333 4390 XX,

188 4419 289 4486 94xqq.‚
307 4415 390 4482 Xllll,
403 4417 521 4484 2ldsqq.,
539 4416 644 4468 lleetori
656 4415 749 4482 Apollo
762 4413 791 4464 ΙΙ.
804 4409 863 4479 XV,
877 4413 994 4478 254sqq.,
1008 4411 1057 4461 307
1071 4415 1097 4460 et
1108 4407 1175 4460 Ares
1188 4407 1216 4480 17.Ι
1230 4410 1262 4472 V,
1274 4408 1333 4473 595,

188 4500 292 4567 boden,
309 4500 341 4550 nd
360 4500 427 4550 letos
443 4505 512 4550 sture
530 4498 658 4560 dicuntur,
675 4503 705 4546 nt
722 4495 797 4546 simul
816 4509 860 4546 eos
879 4493 994 4546 excitent
1011 4499 1087 4559 atque
1104 4497 1232 4544 tueantur.
