3268 5072
767 399 809 408 -
855 365 988 428 30..

309 559 362 603 our
382 540 473 620 igitur
495 541 559 622 ipse
582 539 768 621 potissimum
796 557 850 621 pro
878 559 947 620 rege
974 539 1154 620 interempto
1183 559 1219 601 ox
1241 538 1364 620 antiquo
1395 539 1443 602 illo

272 707 274 710 ,
309 656 419 720 genere
454 639 614 702 clarissimo
652 649 733 711 orto,
768 659 813 701 vr.
840 638 901 701 267
923 658 977 720 sq,
1016 647 1144 720 pugnet,
1186 637 1327 702 continuo
1365 637 1446 700 addit

309 759 355 802 vr.
371 739 547 814 269-272,
574 758 607 802 so
634 739 670 802 iis
694 738 745 820 qni
766 739 837 800 haec
858 733 986 818 (ταῦτα)
1009 756 1071 800 non
1093 745 1189 816 agant,
1216 756 1234 798 a
1256 737 1300 799 dis
1322 735 1445 817 precari,

184 910 191 926 ·
308 860 348 903 ne
368 841 469 920 fruges
492 849 570 900 terra
592 838 723 918 proferat
744 838 817 900 ullas
839 855 913 899 nere
935 837 1073 899 mulieres
1089 836 1206 918 pariant
1226 836 1371 910 subolem,
1394 834 1447 898 sed

309 942 410 1004 eadem
444 958 502 1021 qua
531 956 612 1000 nuno
644 937 824 1000 afflictentur
855 937 1002 1002 intereant
1032 937 1080 998 lue
1103 937 1146 997 rel
1169 936 1255 998 etiam
1287 934 1446 998 eoerhiore.

308 1041 386 1102 Haeo
407 1057 475 1102 vero
497 1038 535 1100 iis
558 1056 633 1118 quae
659 1037 792 1116 proxime
819 1036 1001 1116 praecedunt
1023 1053 1085 1098 non
1115 1035 1233 1115 adiungi
1263 1053 1365 1114 posse,
1394 1033 1447 1094 sed

309 1140 408 1220 potius
429 1137 465 1198 iis
488 1155 563 1218 quae
585 1155 629 1197 vv.
646 1134 815 1196 222-243
838 1135 916 1197 diota
947 1135 1008 1196 sint
1031 1135 1221 1197 menifestum
1243 1143 1298 1196 est.
1342 1133 1448 1214 Neque

308 1237 446 1317 intellego
479 1254 538 1317 quo
575 1235 663 1296 modo
692 1234 901 1296 exsecrationis
930 1234 1053 1296 extremi
1082 1253 1185 1296 versus
1207 1230 1375 1294 273-275
1410 1229 1448 1294 iis

310 1338 360 1416 qui
389 1355 471 1400 nnnc
497 1335 652 1416 praemissi
680 1341 751 1396 sunt
781 1343 850 1416 apte
873 1333 1095 1396 continuentur.
1139 1333 1213 1394 Nam
1237 1352 1263 1393 v.
1278 1330 1339 1392 273
1366 1325 1450 1413 ὑμῖν

310 1433 348 1498 dd
373 1444 445 1508 τοῖς
468 1430 599 1498 &lotoe
626 1431 808 1516 Καδμείοις
838 1449 900 1494 non
922 1432 1056 1514 opposita
1079 1440 1150 1494 sunt
1175 1439 1246 1504 τοῖς
1272 1429 1376 1492 ταῦτα
1402 1425 1448 1512 μὴ

310 1531 412 1618 δρῶσι
435 1553 462 1596 r.
477 1533 548 1605 269,
572 1551 676 1594 verum
698 1531 802 1594 1244
826 1529 888 1610 ἐγώ
910 1531 971 1614 μὲν
993 1525 1059 1594 οὖν.

393 1633 495 1714 Neque
524 1651 592 1712 pers
622 1650 725 1694 eorum
754 1632 805 1712 qui
833 1630 907 1692 nihil
930 1629 1108 1692 mutandum
1131 1637 1255 1692 censent
1275 1641 1449 1708 perversum

310 1750 375 1794 esse
404 1733 617 1795 sententiarum
645 1731 778 1792 ordinem
800 1739 897 1810 negat,
926 1730 978 1791 sed
1001 1729 1185 1792 contendunt
1206 1746 1306 1808 regem
1328 1734 1450 1806 propter
1484 1722 1488 1728 ’

311 1851 344 1892 ea
377 1832 457 1912 quod
491 1831 527 1892 de
560 1829 683 1892 civitatis
716 1829 811 1893 salute
842 1828 971 1890 maxime
1004 1827 1176 1892 solhcitatus
1210 1827 1249 1890 sit
1280 1824 1450 1908 perturbate

310 1930 400 2012 loqui.
444 1930 480 1992 ht
501 1929 632 2010 primum
653 1929 821 1992 sollicitudo
836 1946 980 2008 personae
1000 1926 1128 2008 tragicae
1145 1926 1269 2008 exprimi
1292 1943 1352 1986 non
1373 1923 1449 1986 solet

311 2030 444 2113 apoetis
466 2029 622 2092 sententiis
645 2029 776 2095 oonlusis
799 2036 887 2109 atque
909 2026 1097 2107 perturbatis,
1121 2026 1178 2088 nisi
1201 2026 1277 2088 lorte
1297 2023 1449 2086 insanien-

309 2136 372 2192 tem
403 2147 469 2192 eam
501 2129 658 2190 linxerunt
702 2127 816 2194 Deinde
848 2127 925 2206 regis
957 2125 1124 2188 sollicitudo
1157 2125 1252 2188 maior
1284 2131 1329 2186 est
1356 2139 1449 2202 quum

311 2229 443 2310 primum
465 2228 575 2290 audivit
596 2227 633 2290 de
655 2245 743 2290 causa
767 2226 876 2298 morbi,
905 2227 995 2289 etiem
1023 2224 1120 2288 maior
1148 2242 1242 2304 quum
1271 2222 1392 2284 Creonti
1421 2227 1450 2282 et

312 2326 441 2391 Tiresiae
471 2333 641 2402 succenset,
674 2343 774 2406 neque
806 2334 906 2388 tamen
941 2324 1007 2386 ullis
1040 2323 1196 2386 sententiis
1229 2321 1407 2404 perturbatis
1434 2339 1451 2382 a

311 2435 397 2507 poeta
419 2425 611 2506 significatur.
655 2425 731 2488 Tum
754 2431 871 2486 tantum
896 2425 979 2488 abest
1000 2432 1034 2486 ut
1054 2441 1106 2486 rex
1120 2421 1315 2487 sollicitudine
1331 2421 1451 2482 allectus

312 2525 359 2602 sit,
386 2533 420 2588 ut
440 2524 599 2606 tranquille
621 2532 652 2592 et
679 2524 863 2586 considerate
886 2542 962 2604 qnae
992 2521 1102 2586 sentiat
1129 2529 1265 2602 exponat.
1311 2520 1352 2584 Gt.
1375 2537 1452 2600 qnae

312 2623 396 2686 initio
418 2624 506 2686 huius
529 2623 794 2704 disputatiunculae
821 2622 1031 2684 enarravimus.
1076 2621 1178 2702 ltaque
1200 2620 1393 2692 Heinemann,
1415 2617 1451 2680 ad

313 2723 375 2784 crit.
392 2724 481 2786 aesth.
499 2723 572 2784 Oed.
589 2723 656 2802 Reg.
673 2721 826 2800 Brunsvig.
846 2719 936 2795 1858,
958 2721 1129 2784 lacunosam
1150 2719 1251 2784 hahuit
1274 2717 1451 2782 orationem.

311 2822 380 2885 Tale
402 2823 474 2904 quid
489 2841 557 2884 vero
579 2831 645 2884 tum
669 2823 789 2884 demum
812 2821 1004 2884 statuendum
1027 2828 1081 2896 est,
1098 2839 1189 2900 quum
1206 2819 1259 2882 alia
1277 2815 1453 2880 emendandi

312 2923 386 2984 ratio
415 2921 477 2984 fieri
505 2921 619 3002 nequit.
666 2920 785 3004 Optimo
818 2920 910 3000 igitur
937 2920 1002 2982 inre
1030 2919 1077 2982 alii
1104 2937 1206 2982 versus
1234 2918 1266 2980 in
1292 2915 1452 2998 pristinum

312 3029 342 3082 et
363 3021 414 3102 qui
437 3040 524 3084 sanae
544 3021 748 3102 dispositionis
772 3019 884 3100 legibus
904 3018 1082 3100 respondeat
1097 3018 1231 3079 ordinem
1247 3015 1452 3094 retingendum

313 3140 377 3182 esse
418 3126 550 3182 censent.
610 3118 742 3192 Quorum
784 3117 973 3180 cautissimus
1010 3115 1182 3198 Bernhardy
1217 3115 1247 3176 in
1287 3113 1356 3175 hist.
1396 3113 1451 3174 litt.

314 3221 414 3282 Graec.
430 3220 466 3291 ll,
488 3217 517 3293 2,
538 3239 567 3299 p.
584 3217 645 3280 326
673 3217 744 3280 sotis
773 3217 878 3280 hahuit
906 3216 985 3280 solos
1007 3236 1051 3278 vv.
1069 3215 1130 3277 244
1142 3235 1186 3296 sq.
1218 3215 1255 3278 ad
1284 3213 1376 3276 finem
1399 3229 1450 3272 ex-

313 3317 485 3382 secrationis
507 3325 575 3398 post
596 3337 622 3378 v.
644 3315 706 3377 272
729 3317 888 3380 retrahere.
925 3315 979 3378 llio
1001 3315 1090 3396 igitur
1112 3334 1196 3396 quae·
1209 3332 1262 3392 ego
1286 3313 1322 3374 de
1337 3311 1453 3374 ratione

313 3417 526 3500 pronominum
549 3413 610 3494 ἐγώ
634 3418 701 3497 μέν’
716 3435 743 3477 r.
759 3416 822 3478 244
845 3424 874 3478 et
896 3409 975 3497 ὑμῖν
997 3412 1036 3477 δέ
1056 3431 1082 3476 r.
1099 3414 1161 3476 273
1184 3431 1274 3494 supro
1297 3409 1367 3482 dixi,
1395 3409 1454 3471 iam

314 3517 457 3598 cognovit.
506 3515 597 3578 Maur.
628 3513 761 3578 Schmidt
794 3533 888 3596 quum
921 3515 953 3576 in
990 3515 1086 3576 annal.
1121 3513 1212 3575 schol.
1246 3512 1346 3573 hustr.
1372 3507 1453 3570 1864

313 3637 342 3699 p.
361 3617 399 3678 10
412 3632 476 3696 sqq.
501 3634 544 3676 vr.
560 3613 623 3674 244
635 3633 678 3696 sq.
696 3623 725 3676 ot
740 3612 908 3676 269-272
932 3612 1095 3694 permutari
1117 3611 1212 3696 iussit,
1235 3619 1265 3672 et
1288 3609 1344 3672 illis
1359 3607 1458 3688 versi-¹

313 3717 370 3778 bus
390 3715 468 3794 regis
490 3713 723 3776 exsecrationem
746 3714 881 3777 concludi
905 3721 934 3776 et
956 3713 1010 3776 hos
1033 3730 1136 3776 versus
1159 3709 1293 3772 versibus
1314 3707 1376 3770 246
1388 3723 1453 3787 sqq.

314 3814 544 3896 praemittendos
573 3832 638 3898 esse
666 3813 823 3895 perspexit.
869 3813 953 3887 Quod
981 3811 1040 3874 iam
1070 3809 1218 3872 vocubulis
1248 3809 1328 3870 inter
1349 3826 1380 3870 se
1403 3824 1453 3867 ex-

315 3913 489 3994 cipientibus
510 3907 648 3994 εὔχσμαι
665 3933 689 3973 v.
707 3911 779 3987 269,
803 3907 1002 3993 κατεύχομαι
1018 3929 1044 3970 v.
1062 3909 1133 3980 246,
1156 3899 1341 3990 ἐπεύχομαι
1353 3925 1379 3966 v.
1392 3903 1454 3966 249

315 4014 545 4075 demonstratur.
582 4011 718 4085 Quorum
733 4021 858 4092 uterque
880 4019 991 4072 rectam
1008 4008 1185 4070 emendandi
1210 4007 1284 4069 viam
1302 4005 1453 4086 ingressus

316 4120 414 4174 cetera
447 4129 521 4191 quae
556 4109 712 4171 offendunt
738 4109 866 4190 reliquit.
910 4107 942 4169 B.
967 4115 1065 4170 autem
1088 4107 1167 4168 l'odt
1188 4106 1218 4168 in
1240 4105 1340 4168 annal.
1362 4103 1453 4166 schol.

316 4211 409 4272 lierol.
436 4228 468 4272 n.
496 4229 520 4272 s.
547 4206 699 4288 18671p.
716 4209 775 4270 221
812 4208 1024 4288 comprobante
1054 4207 1086 4268 Α.
1115 4204 1245 4268 Neuokio
1274 4223 1319 4266 vv.
1335 4203 1453 4284 244sq.

316 4307 700 4372 interemicant
734 4307 919 4370 collocandos
952 4313 1062 4368 censet.
1111 4305 1149 4366 ht
1174 4321 1244 4365 vero
1276 4303 1332 4365 heo
1359 4303 1453 4365 inter-

316 4407 463 4491 positione
479 4428 523 4470 vv.
539 4403 707 4470 246-268
731 4406 781 4488 qui
802 4406 951 4468 entissime
972 4405 1052 4475 inter
1073 4423 1106 4466 se
1128 4403 1287 4465 cohaerent
1308 4401 1453 4465 dirimun-

317 4517 374 4584 tur,
397 4527 491 4590 quom
513 4507 544 4569 in
566 4507 603 4569 iis
625 4505 833 4569 contineantur
852 4499 1017 4584 homicidae
1039 4501 1200 4568 exsecratio
1217 4501 1259 4563 rr.
1276 4499 1453 4576 246-248,
