3266 5084
659 372 880 437 ,69-

199 553 305 612 lectam
335 567 401 611 esse
427 551 544 610 deceret
571 550 726 628 coniugem
755 549 986 611 amantissimam
1015 556 1044 610 et
1067 557 1192 610 matrem
1217 551 1343 612 maxime

199 649 353 710 sollicitam
388 648 481 729 proha
514 649 623 710 sciehat
653 641 847 728 hominesque
876 647 1010 735 lingebat
1033 665 1094 708 non
1117 649 1219 728 quales
1242 658 1343 712 essent

199 750 243 809 vel
266 765 331 810 esse
355 755 484 828 possent,
511 747 564 808 sad
593 749 695 827 quales
722 766 789 808 esse
817 754 978 826 oporteret,
1008 746 1043 806 cf.
1068 765 1143 826 quae
1164 748 1229 828 ipse
1250 748 1287 808 de
1311 767 1342 810 se

110 854 116 862 ‘
200 847 281 914 dixit,
308 846 430 908 Aristot.
459 853 536 924 poet.
565 863 590 906 o.
605 843 647 906 26
671 851 688 921 ξ
709 848 761 908 11:
796 841 894 918 αὐτὸς
923 843 984 926 μὲν
1013 847 1104 916 οἵους
1133 841 1187 906 det
1216 855 1341 921 ποιεῖν,

196 937 393 1026 Ἐὐριπίδην
408 941 446 1004 δὲ
462 939 529 1005 οἷοί
545 942 641 1004 εἶσιν.
686 944 765 1005 Neve
789 944 835 1005 hic
856 944 977 1024 quidem
999 942 1029 1003 id
1052 943 1208 1016 commisit,
1237 946 1287 1006 sed
1311 946 1341 1008 in

199 1041 298 1102 fabula
331 1039 480 1120 Iphigenia
508 1041 658 1103 Aulidensi
691 1061 735 1103 ον.
758 1041 819 1103 784
837 1061 901 1123 sqq.
935 1041 1082 1122 virginum
1116 1043 1341 1122 chornm,'qui

198 1141 309 1221 patriae
332 1141 517 1202 eversionem
542 1149 571 1205 et
593 1141 745 1203 servitutis
761 1143 872 1203 sortem
890 1143 1073 1222 deprecatur,
1096 1141 1342 1221 pronuntiantem

197 1239 280 1302 lecit:
809 1232 818 1251 ⁸
1058 1249 1060 1255 “

298 1333 375 1422 μήτ’
398 1336 487 1421 ἐμοί,
510 1317 600 1422 μήτ”
609 1337 721 1421 ἐμοῖσι
743 1339 865 1402 τέκνων
886 1333 1012 1411 τέκνοις
1071 1327 1075 1333 ’

302 1433 396 1511 ἐλπὶς
415 1431 476 1499 ἅδε
498 1433 575 1500 ποτ’
599 1435 708 1500 ἔλθοι.

198 1551 283 1612 Vides
305 1552 357 1612 has
380 1551 491 1630 puellas
513 1550 662 1630 simplices
684 1559 714 1611 et
730 1541 812 1631 quasi
835 1549 963 1630 plebeias
988 1555 1020 1610 ut
1035 1548 1073 1611 ita
1089 1547 1194 1620 dicam,
1217 1549 1241 1608 si
1258 1567 1340 1609 com-

199 1649 345 1728 paraveris
368 1667 436 1710 cum
458 1649 594 1710 Deianira
616 1649 725 1712 femina
748 1648 928 1726 regia-non
955 1657 1016 1708 tam
1038 1646 1199 1708 inhumane
1221 1647 1340 1717 sentire,

198 1747 250 1808 sed
275 1765 312 1807 ne
338 1747 500 1810 liberorum
527 1763 650 1810 suorum
665 1747 785 1816 ¹liberos
812 1746 932 1826 quidem
956 1745 1015 1826 poti
1036 1761 1136 1807 servos
1159 1745 1231 1806 lieri.
1276 1745 1341 1823 lpse

198 1846 366 1929 Aeschylus,
395 1853 429 1906 ut
451 1852 513 1906 erat
536 1846 638 1908 durior
660 1844 704 1905 vir
727 1844 938 1912 Marathonius,
961 1852 1062 1904 tamen
1091 1859 1151 1914 non
1174 1843 1282 1904 diserte
1304 1843 1340 1904 de

195 1943 296 2004 liheris
322 1951 538 2004 memorantem
566 1943 650 2004 finxit
678 1941 887 2004 Thebanarnm
916 1941 1049 2011 chorum,
1082 1941 1134 2002 sed
1168 1941 1339 2002 summatim

198 2041 404 2113 detestantem,
428 2041 506 2120 Sept.
529 2061 554 2102 c.
577 2041 670 2102 Theb.
694 2061 738 2102 vv.
755 2039 894 2120 tresqq.

293 2147 342 2235 μή
368 2145 444 2214 ποτ’
472 2147 551 2233 ἒμόν
574 2147 648 2228 κατ’
675 2151 782 2213 αἰῶνα
807 2149 904 2213 λίποι
931 2150 1022 2214 θεῶν

296 2241 356 2312 ἅδε
382 2246 578 2331 πανάγυρις,
605 2245 688 2333 μηδ’
714 2247 868 2315 ἐπίδοιμι
895 2245 988 2312 τάνδ’

297 2343 608 2431 ἀστυδρομουμέναν
634 2345 737 2412 πόλιν
762 2347 819 2410 καὶ
841 2345 1017 2431 στράτευμ’

295 2439 484 2530 ἁπτόμενον
510 2447 592 2530 πυρὶ
618 2446 715 2530 daim.
915 2521 918 2532 Ι

196 2558 273 2636 Ergo
296 2577 372 2638 quae
394 2559 506 2638 puellas
528 2559 669 2639 innuptas
686 2560 844 2638 Aeschylus
867 2577 929 2619 non
952 2558 1071 2630 diserte,
1096 2559 1250 2639 Euripides
1273 2580 1339 2621 om-

195 2655 266 2716 nino
297 2674 358 2716 non
388 2657 468 2736 loqui
498 2657 671 2729 voluerunt,
707 2675 780 2718 eane
808 2655 969 2736 Sophocles
997 2663 1120 2716 matrem
1151 2659 1339 2736 profitentem

194 2749 289 2816 fecit?
318 2754 448 2816 Minime.
485 2755 634 2817 llelendus
657 2765 703 2818 cst
724 2773 838 2828 versus,
862 2756 911 2834 qui
935 2773 1028 2834 quum
1050 2755 1109 2818 iam
1132 2755 1167 2814 ab
1184 2755 1340 2820 scholiasta

194 2851 282 2912 Laur.
306 2853 345 2913 sit
368 2853 527 2934 explicatus
551 2873 648 2934 neque
671 2863 771 2916 tamen
795 2874 829 2914 ex
851 2854 901 2928 iis,
922 2855 1004 2934 'quae
1026 2871 1116 2934 supra
1140 2855 1271 2932 exposui,
1302 2855 1340 2916 sit

188 2949 343 3024 ferendus,
367 2951 493 3014 dubitari
516 2970 579 3014 non
602 2961 709 3034 potest,
734 2953 805 3034 quin
829 2953 864 3014 ah
887 2952 983 3032 aliquo
1000 2951 1145 3014 histrione
1161 2952 1276 3014 affictus
1291 2953 1339 3027 sit,

196 3049 247 3127 qui
268 3047 396 3113 fortasse
418 3051 488 3112 lolai
510 3051 597 3114 verba
620 3053 651 3114 in
673 3051 773 3131 Eurip.
799 3049 961 3112 Heraclidis
984 3070 1009 3110 v.
1027 3051 1068 3112 66

295 3155 354 3222 οὐκ
380 3157 420 3224 ἂν
445 3159 575 3242 γένοιτο
601 3155 690 3226 τοῦτ’
717 3161 798 3245 ἐμοῦ
826 3159 946 3236 ζῶντός
970 3183 1054 3224 ποτε

195 3273 339 3334 memoria
372 3273 493 3358 tanchat
520 3292 616 3353 neque
650 3275 839 3338 condiciones
874 3274 976 3338 matris
1009 3273 1149 3336 sollicitae
1183 3281 1213 3336 et
1246 3275 1339 3354 erulis

194 3371 334 3450 supplicis
358 3371 549 3435 discernebat.

280 3489 305 3528 v.
328 3469 400 3532 526.
444 3470 558 3532 Chorus
585 3477 716 3534 atrocem
739 3489 867 3552 pugnam
892 3488 967 3551 qnae
995 3477 1059 3532 erat
1081 3469 1236 3530 commissa
1259 3470 1339 3532 inter

195 3571 351 3634 Herculem
368 3577 398 3634 ct
409 3569 569 3632 Acheloum
586 3569 705 3632 fluvium
723 3578 842 3632 enarrat
858 3569 999 3640 carmine,
1014 3587 1104 3648 quam
1120 3569 1337 3630 enarrationem

195 3669 346 3734 concludit
367 3667 463 3730 verbis
912 3733 914 3742 ,

294 3769 357 3849 ἐγώ
383 3769 421 3832 δὲ
445 3766 552 3851 μάτηρ
578 3766 639 3850 μὲν
665 3765 721 3830 oto
746 3765 870 3850 φράζω.
915 3833 917 3840 ,

193 3885 231 3949 At
254 3890 348 3948 mater
369 3882 458 3945 huius
486 3881 543 3944 loci
571 3882 694 3945 omnino
724 3890 861 3944 nonest
906 3881 972 3952 Quo
995 3887 1150 3960 perspecto
1172 3879 1273 3959 inepte
1302 3902 1336 3942 ex

194 3983 295 4063 inepte
311 3980 485 4042 scholiastae
506 3979 753 4060 interpretatione
768 3978 903 4058 Hartung
919 3980 999 4041 huno
1013 3995 1133 4042 versum
1149 3980 1192 4042 sic
1207 3981 1335 4060 redegit:

294 4075 357 4161 ἐγώ
382 4079 420 4144 δὲ
445 4079 486 4144 τά
511 4076 645 4165 τέρματ’
673 4077 729 4142 οἷα
754 4075 847 4164 φράζ
874 4124 882 4140 .
950 4129 953 4138 ,

194 4189 259 4260 Quo
283 4186 355 4248 nihil
378 4184 520 4264 trigidius.
557 4184 724 4265 opponitur
747 4183 826 4245 enim
851 4181 914 4260 ἐγώ
929 4178 996 4244 κτλ.
1019 4183 1071 4258 eis,
1100 4203 1177 4264 quae
1205 4183 1337 4263 proxime

194 4285 329 4348 adiuncta
352 4292 435 4346 sunt:

293 4382 330 4449 τὸ
359 4381 393 4448 d’
421 4379 658 4468 ἆμφινιίιιηυον
682 4383 773 4469 ὄμμα
798 4381 929 4467 νύμφας

294 4481 422 4548 ἐλεινὸν
447 4479 593 4567 ἀμμένει.
773 4487 776 4494 “
