3266 5084
709 301 929 364 ..81-

239 477 305 555 Ipse
320 475 482 538 Philocteta
503 477 535 537 in
551 477 714 538 enarranda
736 497 789 538 sua
805 485 885 538 sorte
900 475 1093 556 Neoptolemo
1109 477 1179 539 dicit
1194 498 1239 540 vv.
1256 479 1388 561 279sqq.

341 583 468 669 ὁρῶντα
490 585 551 667 μὲν
571 584 664 662 ναῦς,
688 581 727 660 ἃς
750 585 832 667 ἔχων
853 584 1087 663 ἐναυστύλουν,

340 687 454 763 πάσας
475 686 639 770 βεβύσας,
662 685 767 768 ἄνδρα
789 682 822 749 δ’
845 681 955 749 οὐδέν’
979 685 1132 763 ἔκτοπον,

342 783 413 866 οὐχ
436 782 552 860 ὅστις
574 783 791 869 ἀρκέσειεν
814 780 901 848 οὐδ’
925 779 1034 858 ὅστις
1057 784 1181 848 νόσου

341 883 539 967 κάμνοντι
563 881 814 965 συλλάβοιτο
837 881 900 944 ari.

324 999 416 1060 AcrIs.
432 1000 536 1078 fragm.
553 1019 583 1062 u.
600 999 649 1062 58.
665 997 800 1059 Ilindorf.
894 1032 896 1034 -

323 1097 365 1158 Ile
393 1098 568 1178 fragmentis
599 1095 876 1178 quiuquagesimum
903 1103 1038 1156 octavum
1067 1094 1287 1156 emendandum
1315 1094 1389 1154 mihi

238 1197 395 1273 proposui.
425 1197 535 1276 quippe
565 1197 646 1276 quod
676 1195 767 1255 verbo
801 1193 897 1254 adhuc
918 1201 1097 1272 corruptum
1124 1201 1183 1265 est,
1211 1211 1270 1272 quo
1295 1193 1388 1253 miror

238 1310 301 1353 non
328 1293 487 1355 offendisse
503 1315 547 1356 vv.
562 1295 610 1356 dd.
641 1295 857 1372 Fragmentum
884 1299 983 1351 autem
1010 1291 1087 1370 apud
1103 1290 1265 1352 Stobaeum
1281 1291 1352 1362 VIII,
1368 1291 1387 1351 2

238 1389 294 1451 boc
310 1399 370 1450 est:

339 1502 404 1581 βοᾷ
423 1522 489 1576 τις·
512 1527 538 1565 ω
563 1496 708 1565 ἀκούετ’
732 1496 880 1582 ἢμοὲοην
902 1492 1046 1574 ύλακεῶς

340 1594 473 1663 ἅπαντα
495 1599 558 1684 γάρ
580 1622 634 1662 τοι
656 1600 702 1682 τῷ
724 1599 922 1681 φοβουμένῳ
945 1605 1065 1680 ψοφεῖ.

156 1761 157 1764 ,
237 1710 367 1771 Verbum
398 1704 526 1774 clanaei
556 1732 649 1792 quum
679 1719 742 1772 met
743 1712 767 1771 ri
729 1710 917 1772 tmodum
946 1710 1075 1781 excedat,
1105 1709 1137 1768 In
1166 1702 1233 1770 ribei
1262 1673 1386 1770 verbum

237 1808 370 1872 eiusdem
390 1811 613 1890 aiquilicationis
636 1809 760 1872 mutavit
780 1809 931 1870 Hermann
947 1807 1041 1868 Elem.
1058 1807 1151 1868 doctr.
1181 1815 1266 1870 metr.
1289 1826 1318 1886 p.
1335 1808 1386 1868 50.

236 1907 360 1986 Atquid
376 1927 486 1988 quaeso
512 1909 637 1972 latrandi
665 1908 787 1970 verbum
803 1890 862 1968 hoc
887 1907 950 1967 loco
972 1906 1028 1968 sibi
1049 1904 1135 1968 vult?
1164 1908 1310 1980 Quisnam
1325 1915 1385 1968 tam

236 2005 282 2066 sui
298 2007 576 2085 neglegentissImus
591 2016 681 2086 atque
707 2005 925 2066 abiectissimus
952 2015 1007 2078 est,
1033 2014 1068 2066 ut
1094 2024 1200 2066 suum
1227 2006 1385 2066 clamorem

235 2102 313 2162 serio
340 2105 514 2166 latratum
541 2100 692 2184 appellet?
731 2102 863 2164 Verbum
896 2103 977 2164 enlm
1008 2097 1135 2164 ύλακοῶ
1161 2104 1205 2164 vel
1231 2105 1295 2164 eius
1322 2103 1386 2184 pri-

235 2201 363 2262 marium
391 2196 461 2262 ύλοῖ
488 2203 620 2282 primum
650 2203 770 2283 proprie
800 2202 836 2263 de
863 2201 986 2263 canibus
1015 2202 1187 2280 vulgaribus
1217 2210 1248 2262 et
1276 2201 1384 2269 aureis,

234 2299 372 2378 vulpibus
394 2309 424 2361 et
448 2301 585 2380 lyncibus
611 2300 796 2373 latrantibus,
822 2307 888 2361 tum
915 2301 1018 2362 tralato
1043 2301 1081 2360 tle
1107 2285 1206 2372 corde,
1233 2299 1385 2361 stomacho

233 2397 370 2470 latrante,
397 2397 503 2459 deiude
530 2399 567 2458 dc
592 2397 764 2458 bominibus
779 2397 1010 2459 vociferantibus
1037 2397 1169 2459 odiose
1189 2397 1385 2478 praedicatur,

234 2502 268 2555 ut
293 2496 379 2574 plane
403 2495 577 2557 Latinorum
604 2497 799 2568 latrando,
827 2503 932 2556 nostro
958 2495 1084 2558 bellen
1109 2497 1298 2576 respondeat.
1340 2495 1384 2580 Ita

234 2592 350 2654 Electra
376 2595 461 2655 malis
486 2594 636 2654 diuturnis
662 2594 835 2654 exacerbata
852 2595 888 2654 de
905 2602 999 2654 matre
1025 2594 1119 2655 invisa
1147 2594 1219 2655 dicit
1244 2575 1383 2655 rotari&

232 2685 367 2752 vilescet
381 2691 425 2752 EI.
443 2711 468 2752 v.
484 2690 557 2766 299,
584 2692 713 2752 famulus
728 2691 765 2752 de
781 2689 935 2765 Hercule,
928 2693 994 2771 qui
1009 2699 1100 2804 potus
1123 2700 1232 2763 cantat,
1259 2686 1382 2772 ἄμουσ’

232 2783 381 2850 ὑλακτῶν
395 2790 466 2851 Eur.
481 2790 544 2852 lIIc.
560 2809 587 2850 v.
605 2790 666 2864 760
682 2796 737 2850 etc.

317 2887 440 2948 MInIme
464 2887 566 2966 igitur,
592 2907 686 2966 quum
712 2887 862 2949 clamandi
884 2879 978 2947 solam
1005 2888 1066 2948 vim
1092 2905 1154 2949 nou
1181 2888 1298 2962 babeat,
1326 2888 1383 2949 hoc

231 2985 295 3046 loco
311 2994 355 3047 est
370 2985 538 3046 ferendum.
568 2985 671 3065 Itaque
682 2985 811 3046 Iliudorf
823 2982 913 3046 λύκω
930 2986 1096 3064 proposuit.
1127 2986 1185 3048 Sed
1202 2987 1383 3048 coniunctivi

231 3083 385 3144 dubitatIvi
400 3084 451 3163 qui
471 3092 592 3145 vocatur
614 3084 664 3172 bic
683 3083 784 3144 nullus
806 3083 890 3144 locus
913 3091 959 3144 est
979 3102 1079 3164 neque
1095 3085 1219 3146 omniuo
1235 3087 1382 3148 clamandi

231 3189 283 3242 aut
307 3181 487 3242 vociferandi
512 3181 637 3242 verbum
664 3182 711 3243 hic
736 3182 910 3263 requiritur,
937 3183 991 3243 sed
1018 3183 1206 3244 audiendi.
1241 3185 1275 3244 ld
1302 3186 1382 3264 quod

231 3279 451 3340 demonstratur
471 3296 558 3340 versu
584 3279 637 3358 qui
662 3279 806 3358 sequitur.
837 3280 928 3342 Cuius
948 3281 1110 3342 sententia:
1138 3281 1254 3342 ‘omnia
1275 3282 1381 3343 tImido

212 3376 386 3456 ¹strepere',
412 3395 499 3438 causa
522 3385 569 3437 est
587 3377 829 3456 interrogationis
845 3381 882 3440 de
898 3399 955 3458 qua
971 3380 1170 3459 disputamus,
1201 3380 1380 3459 Corruptum

228 3474 318 3553 igitur
334 3493 400 3536 esse
414 3467 543 3536 ύλακτῶ
562 3476 607 3536 vel
627 3470 699 3538 ύλῶ
710 3477 824 3538 conicio
847 3497 883 3538 ex
905 3473 1020 3538 κλύω.
1051 3478 1117 3550 Quo
1137 3486 1257 3558 recepto
1279 3486 1380 3538 tamen

228 3591 331 3635 versus
346 3573 482 3634 nondum
498 3580 543 3634 est
557 3573 743 3636 emendatus.
774 3575 850 3637 Nam
866 3595 921 3657 pro
941 3577 1151 3638 interiectione
1173 3569 1199 3638 ὦ
1221 3576 1379 3655 legendum

230 3679 276 3731 est
291 3667 371 3732 ούκ.
401 3671 443 3732 Ita
459 3689 563 3732 versus
581 3679 626 3732 est

328 3783 394 3861 βοᾷ
414 3801 479 3855 τις·
503 3777 571 3844 ούκ
594 3778 745 3859 ἅκούετ’,·
768 3779 788 3865 ἢ
810 3779 917 3866 μούνην
940 3783 1041 3847 κλύω
1050 3811 1062 3860 ,·

329 3874 462 3943 ἅπαντα
483 3877 546 3962 γάρ
568 3902 621 3942 τοο
643 3881 689 3963 τῷ
711 3882 911 3964 φοβουμένῳ
934 3891 1055 3966 ψοφεῖ,

228 3991 390 4053 sententia:
416 3991 754 4073 ‘claromontanam
780 3991 910 4054 cuditis?
937 4013 976 4054 co
1001 3996 1118 4074 [rostro
1133 3991 1243 4057 codic?
1273 3995 1380 4056 Omnia

227 4092 302 4150 caim
327 4091 458 4170 profecto
486 4094 624 4152 metuenti
649 4088 802 4169 strepoat'.
847 4091 912 4152 Duo
948 4092 1037 4153 verba
1073 4093 1153 4154 idem
1182 4093 1379 4174 significantia

226 4181 313 4248 κλύω
340 4194 370 4248 et
396 4181 504 4249 ἀκούω
531 4189 636 4250 eodem
662 4189 694 4248 in
720 4207 809 4249 versu
836 4195 931 4268 posita
959 4209 1026 4252 esse
1051 4208 1114 4252 non
1141 4200 1186 4253 est
1212 4194 1293 4273 quod
1318 4192 1378 4253 iam

226 4285 392 4346 defendam.

279 4470 422 4526 Mueller,
437 4471 579 4528 Sophocles.
1200 4497 1215 4549 6
