3268 5072
646 349 693 376 ¹-
744 332 786 396 οε
820 369 876 381 .-

292 493 367 562 οίλλ’
391 499 574 584 ἐξερεονᾶν·
597 504 656 568 νῦν
679 502 711 568 δ’
733 503 809 568 ἐπεὶ
831 507 917 590 appui
938 505 968 570 τ’
991 507 1067 588 ἐγώ,

294 595 377 677 ἔχων
398 598 461 682 μὲν
483 597 596 684 ἀρχάς,
620 597 660 676 δὶς
682 601 806 679 ἐκεῖνος
829 607 896 684 εἶχε
919 604 1027 690 πρίν,·

293 693 376 775 ἔχων
391 696 437 760 δὲ
458 697 576 782 λέκτρα
597 700 654 763 καὶ
677 700 808 784 γυναῖχ’
831 700 1026 789 ὁμόσπορον

294 797 413 860 κοινῶν
432 819 468 860 τε
489 797 623 862 παίδων
645 797 729 865 κοίν’
753 799 806 878 ἄν,
832 797 862 866 εί
883 805 1094 888 κείνῳηένος

293 893 337 978 μη
356 891 625 1016 ’δοσηόχησειη
605 921 645 983 ην
667 897 709 964 ἄν
731 899 944 986 ἐκπεφυκότα
965 937 1008 948 -

292 989 444 1058 νῦνδΗ
428 1017 461 1068 ες
482 993 520 1059 τδ
544 999 653 1060 κείνου
676 1000 757 1084 κρᾶτ
760 995 977 1118 ’ἒνιη’λ.ηιδ’ι
957 998 1093 1086 ητόχη·

292 1087 375 1154 ἀνθ
397 1085 443 1155 ὦν
465 1091 530 1172 ἐγώ
551 1090 639 1170 τόδ,
664 1093 808 1181 οΙσπερεΙ
830 1093 954 1182 τούμοῦ
977 1098 1115 1186 πατρός,

292 1183 548 1274 δπερμαχοόμαι
571 1189 655 1256 κάπὶ
678 1192 779 1260 ποίντ
802 1193 967 1280 ἀφίξομαι
1289 1201 1339 1256 222

294 1285 396 1372 ζητῶν
417 1289 477 1354 τὸν
498 1287 675 1377 αὐτόχειρα
697 1296 755 1358 τοῦ
778 1291 884 1378 φόνον
906 1293 1032 1379 λαβεῖν,

292 1389 338 1471 τῷ
363 1387 567 1475 Λαβδακείῳ
591 1390 691 1455 παιδὶ
716 1390 919 1478 Πολυδώρου
940 1418 976 1458 τε
997 1395 1054 1458 καὶ

292 1485 352 1550 τοῦ
373 1485 507 1572 πρόσθε
533 1487 673 1574 Κάδμου
695 1493 753 1556 τοῦ
766 1491 883 1556 πάλαι
902 1489 935 1556 τ’
954 1489 1138 1578 Ἀγήνορος.
1290 1497 1343 1566 268,

294 1582 356 1663 ἐγώ
379 1585 440 1669 μὲν
463 1584 522 1652 οὖν
543 1589 678 1652 τοίοσδε
699 1591 745 1675 api
765 1614 801 1654 τε
823 1590 961 1674 δαίμονι
1033 1643 1035 1650 .
1291 1596 1341 1648 244

292 1684 338 1768 τῷ
359 1680 389 1747 τ’
412 1679 511 1770 α’νδρὶ
534 1688 579 1772 τῷ
601 1684 743 1752 θανόντι
765 1688 939 1773 σόμμοιχος
955 1691 1061 1754 πέλοι.
1292 1695 1341 1745 245

293 1777 372 1864 ὑμίν
395 1781 433 1846 δὲ
453 1791 524 1858 eote
546 1783 680 1849 ἄλλοισι
709 1787 899 1871 Καδμείοις,
923 1783 1017 1864 ὅσοις
1291 1793 1341 1843 223

293 1977 348 2059 χοῖ
370 1979 492 2057 πάντες
514 1978 550 2046 εὖ
573 1982 698 2056 §aretur
718 1985 827 2048 τίσοεὶ
848 1987 938 2050 διαί.
1292 1989 1341 2040 275

194 2181 485 2247 Adnotationes:

281 2300 306 2344 Ι.
331 2281 404 2343 217.
449 2285 577 2346 Verbum
606 2277 783 2369 ὑπηρετεῖν
810 2296 857 2348 est
880 2305 934 2348 rur
962 2305 1037 2368 quae
1059 2287 1168 2350 dieitur
1192 2286 1287 2349 media
1311 2295 1341 2348 et

194 2379 251 2441 lma
286 2381 351 2442 loeo
388 2381 468 2444 idem
504 2383 583 2464 quud
618 2385 754 2450 nostrum
782 2385 932 2460 abhellen,
970 2385 1143 2448 Latinorum
1181 2387 1340 2448 subvenire

195 2479 280 2551 male,
304 2479 438 2542 subsidio
454 2501 529 2556 esse,
552 2483 588 2543 af
606 2483 688 2544 Caes.
704 2485 771 2570 bell.
788 2485 861 2546 Gall
872 2485 913 2559 ΙΙ,
930 2485 979 2558 20,
996 2485 1029 2547 3.
1054 2486 1100 2546 his
1117 2485 1340 2548 difficultatibus

191 2578 267 2640 duae
289 2598 336 2640 res
359 2587 443 2642 erant
465 2579 606 2655 subsidio,
629 2583 751 2644 seientia
775 2587 874 2664 atque
888 2601 959 2646 usus
983 2583 1119 2646 militum.
1163 2584 1249 2648 Plinii
1271 2585 1340 2648 lrist

193 2686 290 2740 natur.
307 2676 358 2752 22,
374 2679 414 2740 25
431 2679 497 2759 (61)
521 2681 724 2743 ειιΙΙΙοιΙΙΙε
745 2682 882 2744 morbo.

278 2797 303 2838 v.
327 2777 397 2838 221.
443 2777 483 2839 La
507 2776 586 2842 αὐτὸ
610 2777 655 2862 μή
683 2779 757 2841 ferri
786 2798 848 2842 neu
873 2783 979 2861 petest.
1025 2777 1106 2844 Nihil
1129 2782 1209 2844 euim
1239 2781 1340 2844 indicii

191 2875 280 2938 habet
302 2877 440 2956 Oedipus.
484 2875 581 2940 Faeile
614 2886 714 2940 autem
747 2879 810 2940 lieri
837 2881 944 2960 putuit,
975 2889 1009 2944 ut
1031 2881 1220 2962 pronominis
1242 2875 1341 2953 οὗτός

192 2975 288 3037 littera
311 2975 405 3037 finalis
428 2983 596 3038 mutaretur
618 2977 650 3037 iu
672 2996 713 3060 μς
732 2995 888 3058 compares
911 2979 1077 3045 litterarum
1103 2988 1206 3062 uetp
1229 2978 1340 3040 mamas

191 3093 266 3156 quas
300 3084 406 3138 voearrt
438 3077 598 3157 quadratas
627 3075 652 3134 ξ
678 3083 708 3138 et
733 3075 779 3138 m.
822 3077 938 3150 Quibus
969 3079 1143 3158 permutatis
1172 3080 1339 3140 correctum

193 3182 239 3235 est
260 3173 297 3236 ab
319 3175 417 3255 alique
439 3175 558 3236 librario
583 3175 629 3238 vel
651 3176 844 3254 grammatico
867 3177 1004 3257 suppletu
1027 3177 1119 3240 vocali
1141 3197 1161 3260 η
1185 3170 1264 3238 αὐτὸ
1285 3171 1340 3258 μή.

192 3272 301 3353 llaeapi
324 3273 413 3353 igitur
433 3271 653 3336 Schneidewiui
676 3274 930 3344 emendationem.
1382 3257 1384 3276 ‘

195 3389 198 3398 ’
279 3392 304 3433 v.
329 3371 390 3433 227
413 3391 468 3452 pro
490 3373 577 3434 could.
600 3367 768 3444 δπεξελοίν
788 3373 872 3436 Halm
895 3369 1076 3446 όπεξελεΐν.
1113 3375 1152 3434 lt
1174 3373 1249 3435 nihil
1265 3389 1340 3452 epus

193 3479 238 3532 eat
262 3471 379 3546 mutari,
404 3491 497 3552 quum
521 3491 537 3535 a
561 3473 651 3534 verbo
674 3473 848 3552 σημαίνειν
871 3473 950 3552 quod
974 3480 1020 3533 eat
1041 3473 1073 3533 iu
1095 3472 1218 3552 apudosi
1234 3471 1341 3552 prieris

193 3569 305 3650 periodi
329 3571 535 3634 conditionalis
556 3571 641 3634 lacile
664 3571 767 3632 audire
792 3571 887 3651 pessis
909 3571 990 3632 idem
1013 3571 1058 3632 vel
1081 3569 1159 3632 aliud
1183 3567 1341 3631 aeausanli

193 3669 327 3742 rerlruur,
362 3679 396 3732 ut
425 3671 574 3734 sententia
604 3670 658 3732 sit:
685 3677 737 3732 “et
764 3673 792 3732 si
817 3674 915 3732 metuat
934 3689 973 3732 ει.
996 3669 1063 3741 alli,
1090 3671 1207 3731 crimina
1229 3668 1342 3730 sublata

193 3769 252 3848 ipae
277 3773 310 3830 ιἰι
336 3787 364 3831 ει
390 3770 587 3832 retutelam
613 3769 730 3850 seciut’.
775 3769 867 3843 Quale
890 3769 1015 3830 verbum
1039 3787 1072 3830 eo
1095 3767 1211 3829 facilius
1233 3788 1251 3830 a
1271 3785 1341 3844 rege

194 3867 244 3928 hic
266 3867 363 3929 omitti
386 3876 512 3948 poterat,
542 3869 621 3949 quud
648 3876 679 3930 et
701 3869 793 3931 muris
815 3869 872 3931 luit
895 3869 1074 3930 Graecorum
1099 3874 1132 3927 ut
1153 3866 1220 3926 talis
1244 3881 1342 3925 enum-

193 3965 325 4027 tiatiouis
348 3968 477 4046 protasis
498 3975 550 4030 aut
571 3967 717 4048 apadosia,
740 3985 817 4048 quae
833 3967 954 4048 quidem
975 3966 1059 4028 reale
1082 3973 1185 4026 mente
1201 3963 1342 4026 audieba-

193 4072 251 4138 tur,
287 4065 577 4145 praetermitteretur
611 4075 640 4130 et
669 4066 773 4147 Oedipi
806 4067 851 4128 vel
873 4066 1000 4129 maxime
1027 4066 1159 4137 interest,
1192 4071 1225 4124 ut
1251 4081 1341 4143 quam

194 4163 348 4225 celerrime
371 4165 525 4227 adsereret
546 4173 647 4230 tutum
667 4185 748 4240 eum,
772 4166 823 4246 qui
838 4185 871 4227 se
890 4165 955 4246 ipae
976 4163 1156 4236 iudicaverit,
1180 4161 1341 4224 alritarum.

280 4282 307 4323 r.
330 4261 402 4326 229.
437 4281 491 4344 pro
526 4259 626 4328 ἄλλον
659 4264 761 4328 Nauelr
798 4259 945 4339 ἐλθόντ’,
981 4258 1133 4345 ἀσφαλής
1159 4260 1255 4334 coda,
1293 4281 1366 4341 pp.-

194 4355 344 4445 ἄβλαβης
366 4381 406 4424 m.
429 4381 485 4426 reu.
509 4363 561 4424 La.

280 4480 307 4523 v.
331 4459 403 4522 230.
437 4463 548 4525 retinui
576 4462 662 4524 redd.
691 4459 726 4534 ἐξ
751 4469 851 4542 spreta
875 4458 1055 4524 Vauvillersii
1077 4458 1242 4522 mutatione
1263 4451 1342 4539 ἢἝ.

247 4558 405 4615 Mueller,
426 4559 567 4620 Sophocles.
1166 4558 1183 4612 3
