3266 5084
764 321 985 384 ..36-

297 495 460 558 Coloneum
483 496 575 559 luisse
591 515 607 558 e
622 516 649 558 v.
666 495 705 558 78
722 491 882 579 δημόταις
901 495 1041 576 (tribules,
1065 505 1203 559 nostrum
1219 497 1445 578 Geugcuusseu)

296 595 418 666 conicio,
441 595 607 674 putandum
631 613 696 656 esse
711 613 864 658 sacrorum
886 596 1051 658 custodem.
1089 596 1174 669 Quod
1197 613 1297 676 neque
1315 613 1334 657 a
1356 596 1447 656 seue.

295 694 387 756 liestis
411 711 510 774 neque
525 712 540 755 a
559 694 698 756 Sallustio
720 695 1032 773 aucturoargnmenti
1049 694 1109 755 leui.
1124 693 1184 758 iah.
1199 695 1326 757 traditur
1348 711 1444 772 necate

296 811 333 852 ex
364 793 427 872 ipsa
460 792 560 856 tabula
592 793 687 872 colligi
719 801 828 873 potest.
873 794 965 854 Versu
998 793 1078 855 onim
1100 793 1164 856 506
1185 812 1202 855 e
1225 795 1315 856 choro
1346 794 1445 855 accola

295 891 369 965 luci,
397 887 533 963 ἔποικος
555 882 697 966 ἄλσους,
724 891 873 964 indicatur
901 891 952 971 qui
974 892 1109 954 lsmeuae
1131 891 1348 954 sacrificaturae
1370 909 1445 972 quae

295 1009 371 1070 opus
393 989 453 1052 sint
475 989 654 1070 suppeditet.
699 990 753 1052 Hic
779 990 869 1070 igitur
896 1008 1052 1052 sacrorum
1074 990 1278 1054 faciendorum
1301 997 1445 1071 tanquam

295 1088 434 1150 minister
466 1097 555 1168 atque
589 1089 722 1152 aedituus
757 1097 786 1152 et
819 1089 899 1150 dumi
933 1109 1004 1152 suae
1039 1108 1160 1152 morans
1190 1090 1323 1152 habetur.
1367 1090 1445 1169 Ergo

296 1206 389 1267 quum
421 1207 437 1248 e
465 1205 511 1252 rr.
535 1186 669 1269 297sqq.
699 1189 927 1269 cognoverimus
959 1207 1043 1263 eum,
1073 1190 1125 1269 qui
1154 1188 1310 1269 Oedipum.
1329 1188 1444 1269 primus

296 1288 441 1367 aspexerit
456 1296 546 1369 atque
562 1288 706 1352 allocutus
727 1288 767 1350 sit
788 1296 819 1350 et
834 1287 981 1350 Coloneus
1004 1288 1040 1350 de
1063 1287 1127 1350 eius
1150 1287 1283 1350 iucitmre
1304 1288 1445 1349 certiores

296 1385 400 1447 iecerit
422 1387 442 1448 i.
466 1407 490 1448 e.
513 1388 650 1462 incolam,
674 1387 726 1468 qui
748 1387 895 1467 Oedipum
918 1387 954 1450 de
976 1387 1048 1449 sede
1070 1388 1211 1468 pulsurus
1233 1395 1310 1460 erat,
1339 1385 1445 1453 abiisse

295 1493 329 1546 ut
350 1485 499 1548 Theseum
521 1492 666 1556 arcessat.
696 1485 758 1546 lieri
792 1502 855 1546 nun
887 1492 987 1565 potest
1019 1494 1053 1548 ut
1085 1485 1164 1548 idem
1197 1486 1237 1547 sit
1259 1486 1359 1547 accola
1377 1485 1445 1559 luci,

296 1603 385 1664 quem
410 1585 518 1647 chorus
540 1587 558 1646 l.
582 1605 607 1648 c.
630 1585 733 1646 adesse
756 1592 912 1646 memorat.
957 1584 1026 1647 Tale
1049 1585 1120 1664 quid
1143 1584 1230 1646 etiam
1254 1584 1355 1663 Reisig
1375 1603 1445 1645 seu-

278 1683 368 1745 ·sisse
390 1683 505 1748 videtur
522 1685 668 1747 adnotans
691 1684 724 1746 in
745 1692 920 1746 cummentt.
937 1682 1001 1746 crit.
1018 1683 1053 1744 ad
1071 1681 1128 1744 00.
1144 1701 1174 1763 p.
1192 1681 1269 1744 182:
1294 1682 1341 1744 ‘in
1364 1689 1445 1743 tanta

295 1790 356 1843 tam
379 1781 520 1844 inusitate
542 1800 575 1844 re
596 1783 705 1863 hospes
728 1801 767 1844 ne
790 1800 910 1862 sperare
933 1781 1054 1864 quidem
1078 1787 1208 1868 poterat,
1238 1780 1295 1844 sibi
1315 1781 1444 1868 aliquam

296 1897 396 1941 curam
420 1879 484 1942 eius
507 1879 552 1942 rei
575 1881 785 1942 demandatum
808 1880 844 1940 iri
867 1900 883 1940 a
906 1878 1043 1941 civibus‘.

356 1979 483 2059 .ltaquu
505 1980 562 2045 hau
583 1979 829 2059 interpretatione
855 1979 979 2049 reiecta,
1013 1996 1072 2057 qua
1101 1977 1162 2039 sola
1196 1975 1314 2039 delendi
1343 1983 1444 2058 potest

297 2077 411 2156 uulgata
433 2078 534 2152 lectio,
563 2077 690 2140 formula
719 2086 779 2140 tam
808 2077 934 2157 ellipticc
958 2076 1033 2138 dicta
1062 2084 1109 2138 est
1132 2084 1165 2139 ut
1187 2075 1307 2138 sibimet
1328 2085 1445 2140 tauwm

297 2192 359 2239 nou
381 2185 529 2258 repugnet
550 2197 585 2240 ao
613 2186 675 2240 tam
699 2177 825 2240 obscure
847 2185 881 2238 ut
902 2175 973 2239 ferri
996 2184 1133 2257 nequeat.
1177 2175 1292 2250 Quum
1315 2175 1444 2247 adduutit

297 2277 419 2355 opinor,
450 2276 523 2338 Wex
546 2284 576 2338 et
602 2277 697 2357 Bergk
725 2288 793 2356 post
819 2273 954 2346 ἐνδοίξοο
984 2276 1072 2354 plene
1100 2275 1315 2350 distinxerunt,
1343 2277 1384 2338 its
1410 2283 1445 2337 ut

297 2373 394 2438 verbis
416 2375 449 2436 cl
472 2372 540 2456 δρῶ
574 2375 686 2436 directe
719 2381 847 2454 rogetur.
892 2375 988 2448 Quam
1023 2391 1092 2435 veru
1125 2374 1249 2436 moleste
1279 2382 1310 2436 et
1342 2373 1445 2454 inepte

296 2471 676 2552 liseuinterrugetiuucula
698 2473 833 2545 addatur,
857 2489 919 2533 uun
934 2473 1031 2534 sulum
1047 2472 1184 2544 continui
1201 2489 1302 2536 versus
1318 2472 1445 2546 numeri,

296 2571 351 2632 sed
373 2570 461 2632 etiam
485 2590 518 2634 ea
541 2591 618 2653 quae
634 2571 768 2651 Oedipus
783 2571 881 2632 denuc
897 2578 1035 2650 preoatur
1049 2573 1222 2634 ostendunt.
1260 2571 1446 2637 Gunieumris

296 2667 609 2752 Schneidewiuirrplv
623 2664 656 2746 γ’
672 2665 715 2732 ἂν
736 2665 878 2751 ἐνδείξῃ,
903 2687 945 2731 sc.
968 2661 1117 2752 ἡπόλις,
1139 2672 1173 2732 rt
1195 2668 1276 2753 δρῶ,
1299 2671 1444 2751 inaquam

296 2766 367 2828 item
391 2785 469 2848 quae
490 2785 579 2848 supra
607 2768 729 2848 exposui
758 2769 882 2842 cedunt,
912 2776 941 2830 et
964 2769 1108 2849 Hartuugi
1132 2766 1266 2841 ἐνδείξο)
1289 2763 1342 2832 ὅτι
1365 2767 1445 2851 δρᾶς

296 2867 369 2928 satis
390 2866 545 2946 respondit
558 2867 596 2928 ll.
608 2867 723 2940 Bonita,
744 2887 768 2930 v.
784 2869 824 2938 d..
846 2867 879 2929 in
902 2867 975 2929 actis
997 2867 1098 2929 societ.
1115 2865 1279 2929 Vindobon.
1294 2867 1349 2928 vul.
1368 2866 1445 2930 XVll

295 2963 412 3045 plot.
455 2966 612 3046 Eleganter
644 2975 678 3028 ut
710 2968 786 3029 solet
807 2965 913 3038 Martie
947 2963 1067 3038 ἐξοιδοῖ
1096 2963 1264 3048 proposuit.
1309 2967 1367 3029 Sed
1389 2967 1445 3030 hoc

295 3073 415 3144 recepto
431 3065 600 3128 membrum
624 3066 772 3146 posterius
789 3067 871 3148 reple
892 3061 924 3143 γ’
941 3062 983 3128 ἂν
1005 3063 1122 3138 dietrici
1138 3068 1171 3127 el
1194 3064 1263 3150 δρῶ
1285 3085 1347 3128 uon
1369 3085 1444 3128 cun-

296 3164 377 3226 renit
397 3163 501 3244 priori.
538 3165 611 3228 Nam
634 3164 782 3228 eliartini
804 3165 931 3227 lectione
945 3165 1029 3227 lucus
1053 3165 1096 3228 sic
1119 3174 1164 3227 est
1185 3165 1442 3246 interpretandum

297 3268 370 3324 ‘rou
392 3264 483 3326 audeo
506 3273 531 3326 tc
552 3267 664 3326 intereo
685 3265 766 3326 urlr'r
787 3265 821 3326 dc
842 3263 907 3326 rede
928 3262 1076 3343 depellere,
1096 3266 1267 3345 priospuom
1289 3281 1443 3345 mpeooeru

296 3361 364 3441 quid
385 3362 458 3424 otili
476 3363 643 3442 [eododem
665 3361 722 3425 sil’.
760 3364 866 3444 Aquu
889 3362 917 3424 id
941 3371 1135 3440 cognosceret
1155 3359 1273 3424 incola?
1307 3365 1444 3426 Videlicet

296 3479 311 3522 a
334 3460 453 3522 ciuitate
475 3463 520 3522 vel
543 3461 608 3524 eius
631 3458 865 3542 magistratibus!
904 3461 963 3524 Sed
987 3467 1110 3540 apparet
1131 3466 1196 3522 tum
1219 3463 1323 3524 urbem
1345 3463 1443 3543 aptius

296 3559 328 3620 in
350 3559 520 3623 membrum
534 3561 684 3641 posterius
701 3562 845 3642 quadrare
867 3567 896 3622 et
911 3567 1029 3640 poetam
1046 3559 1141 3620 multu
1162 3560 1337 3626 concinnius
1360 3581 1444 3624 cum-

295 3659 447 3738 posuisse:
480 3666 554 3722 ‘uon
586 3660 677 3722 audeo
710 3671 735 3722 te
767 3659 903 3739 repellere
927 3659 960 3720 de
984 3658 1055 3731 mdc,
1085 3660 1256 3738 priusquam
1279 3663 1379 3722 cr'ottos
1399 3674 1442 3723 rue

295 3758 422 3820 ducem
451 3757 519 3838 preld
550 3758 621 3820 otili
651 3759 817 3839 faciendum
849 3755 907 3820 sit’.
959 3758 981 3817 E
1010 3756 1126 3818 Martini
1155 3755 1245 3835 igitur
1271 3759 1443 3822 coniectura

297 3855 520 3935 languidissimu
535 3857 711 3936 procederet
732 3856 836 3919 oratio.
874 3856 988 3920 Deinde
1009 3855 1086 3916 idem
1109 3854 1140 3915 in
1162 3855 1239 3918 hunc
1252 3858 1338 3932 cadit,
1362 3859 1441 3939 quud

295 3955 327 4016 in
359 3956 508 4033 vulgatam
539 3956 645 4018 cadero
674 3957 829 4020 uerissime
859 3954 1015 4018 contendit
1035 3953 1151 4034 Enger,
1178 3958 1210 4018 ri
1234 3954 1302 4040 δρῶ
1324 3967 1442 4020 tantum

295 4053 332 4114 ab
355 4053 474 4116 aedituo
502 4053 559 4115 dici
581 4073 679 4135 posse.
725 4057 780 4130 Qui
816 4055 894 4134 quud
928 4054 992 4134 ipse
1025 4053 1152 4116 coniecit
1183 4056 1372 4136 participium
1406 4057 1442 4119 ad

295 4148 430 4223 δνδείξω
453 4153 651 4232 supplendum
675 4173 740 4216 esse
761 4154 807 4214 vel
829 4149 940 4235 μολών
966 4153 1012 4214 vel
1034 4148 1169 4235 δραμών
1190 4155 1235 4216 vel
1257 4151 1384 4236 θορών,
1412 4155 1440 4218 id

295 4257 357 4310 tum
379 4250 528 4314 incertum
552 4261 609 4325 ost,
631 4260 665 4314 ut
687 4253 723 4313 ad
746 4261 857 4313 certam
879 4250 1039 4314 lectionem
1055 4252 1272 4316 restituendam
1295 4253 1369 4315 nihil
1391 4273 1441 4316 va-

295 4349 356 4411 lere
377 4350 442 4412 iure
464 4350 555 4412 dicas.
600 4350 704 4412 illelius
733 4350 812 4412 idem
844 4347 997 4420 ἐνδείξων
1017 4345 1113 4433 eope
1136 4351 1295 4429 legendum
1318 4353 1440 4432 putarit,

295 4447 331 4510 ui.
352 4446 460 4512 'Trauli
478 4467 504 4510 v.
524 4447 605 4510 1000
628 4444 775 4532 decium
799 4445 960 4512 euoluere
975 4485 1015 4494 -
1031 4447 1138 4522 νόσος.
1175 4449 1323 4514 Audacior
1341 4451 1441 4514 Nauck
