3266 5084
737 329 956 394 -56-

279 519 379 571 antem
413 509 513 570 multis
547 509 630 570 malis
665 509 789 569 allectus
812 507 858 577 sit,
893 508 929 568 ab
960 527 995 568 eo
1025 517 1149 569 mortem
1178 525 1232 586 pro
1261 504 1417 566 commodo

280 607 389 669 haberi.
439 607 539 685 Itaque
572 606 651 685 quod
685 605 774 668 huius
807 607 943 686 supplicii
976 605 1124 686 particeps
1140 607 1248 679 heret,
1283 623 1314 666 se
1346 603 1419 664 nihil

280 706 387 767 dolere.
435 704 547 782 Pergit:

681 835 752 903 ἀλλ’
776 837 816 905 ἂν
839 843 869 902 εἰ
890 839 947 904 τὸν
968 836 1004 912 ἐξ
1025 839 1103 922 ἕμής

381 939 502 1024 μητρός
524 936 662 1003 θανόντ’
686 936 846 1003 ἄθαπτον
867 936 1035 1022 ἠνσχόμην
1057 941 1161 1014 νέκυν,

383 1043 504 1113 κείνοις
527 1036 568 1102 οἳν
590 1036 720 1122 ἠλνυυν.

283 1201 379 1279 Atque
401 1199 529 1278 primum
553 1198 670 1278 quidem
695 1197 826 1258 lleinelre
850 1205 879 1258 et
895 1197 1019 1276 Seyllert
1037 1195 1204 1275 possessivo
1220 1193 1299 1278 ἐμῆς
1316 1195 1421 1256 ollensi

284 1299 357 1360 alter
379 1296 466 1378 μιᾶς,
489 1298 562 1358 alter
584 1291 665 1379 ὁμής
687 1297 885 1359 coniecerunt.
917 1298 954 1357 ht
978 1305 1010 1356 ut
1032 1295 1085 1356 alia
1100 1289 1422 1374 praetermittam'quae

287 1396 395 1477 opponi
419 1405 552 1475 possunt,
588 1415 640 1457 cur
674 1395 709 1458 ab
732 1396 878 1473 Antigona
901 1394 957 1456 dici
980 1413 1040 1455 non
1064 1393 1172 1474 potuit:
1207 1413 1290 1456 meae
1320 1393 1422 1454 matris

284 1496 378 1556 lilium
401 1495 505 1556 eodem
528 1513 628 1571 sensu,
663 1514 722 1574 quo
751 1495 836 1556 unlus
859 1495 903 1553 vel
931 1493 1064 1554 eiusdem
1090 1491 1191 1553 matris
1217 1493 1321 1563 filium,
1355 1510 1423 1553 eum

219 1647 220 1650 ,
287 1595 332 1656 his
354 1593 489 1654 formulis
518 1592 612 1654 tribus
638 1612 730 1672 aeque
757 1595 848 1655 frater
870 1610 1027 1672 germanus
1051 1588 1242 1668 designetur?
1286 1591 1362 1652 Tum
1385 1590 1424 1651 La

284 1685 448 1776 ἠνσχόμην
481 1692 552 1752 ferri
586 1711 648 1754 non
681 1701 792 1772 potest,
835 1691 918 1754 cuius
956 1691 1021 1752 loco
1057 1689 1227 1752 Eustathius
1264 1690 1299 1750 ad
1333 1689 1365 1749 Il.
1394 1689 1424 1758 V,

287 1813 315 1872 p.
338 1790 409 1861 529,
434 1790 470 1852 18
499 1786 641 1872 ἕσχόμην
674 1800 703 1852 et
735 1811 764 1871 p.
781 1791 851 1862 401,
868 1791 908 1851 52
936 1784 1083 1872 ἠσχόμην
1115 1790 1213 1861 refert,
1248 1809 1321 1870 quas
1353 1790 1425 1850 duas

288 1893 398 1951 formas
421 1889 492 1968 quin
516 1908 601 1950 more
622 1890 880 1968 grammaticorum
908 1889 1023 1950 illorum
1053 1907 1227 1968 graecorum
1257 1889 1426 1950 memoriter

288 1988 419 2050 citaverit
466 1988 593 2049 dubitari
637 2006 697 2048 non
745 1997 852 2068 potest.
916 1989 948 2048 In
997 1987 1131 2050 Parisino
1175 1996 1289 2058 autem,
1337 2006 1425 2067 quem

289 2088 323 2149 n.
342 2087 505 2148 Schneider
528 2087 655 2147 alterum
672 2085 852 2166 Sophocleae
874 2087 1039 2148 traditionis
1062 2095 1211 2148 auctorem
1236 2105 1300 2146 esse
1316 2085 1427 2158 statuit,

289 2181 453 2267 ἠνσχόμην
475 2185 589 2263 legitur,
613 2185 660 2245 cni
686 2185 803 2247 lectioni
827 2185 1014 2260 Laurentiani
1047 2179 1207 2266 ἠνσχόμην
1230 2186 1273 2246 vel
1302 2185 1428 2246 maxinre

290 2285 436 2345 convenit.
481 2283 551 2344 Eius
585 2284 663 2344 enim
691 2285 703 2343 l
727 2284 809 2345 exN
836 2285 1019 2346 decurtatum
1055 2303 1119 2345 esse
1151 2285 1234 2346 facile
1267 2285 1427 2361 intellegas.

291 2387 386 2458 Quam
427 2385 550 2444 lormam
589 2383 679 2443 schol.
719 2381 804 2443 Lanr.
846 2381 968 2462 explicat
1005 2379 1204 2465 ἠνεσχόμην,
1242 2380 1428 2464 ὑπερεῖδον.

290 2485 397 2545 Forma
425 2492 524 2546 autern
558 2473 724 2564 ἠνσχόμην
757 2482 888 2562 plerique
917 2483 1009 2544 critici
1032 2483 1184 2563 repudiata
1213 2492 1263 2546 aut
1290 2478 1431 2564 ἕσχόμην

292 2592 342 2642 aut
363 2583 498 2662 pluribus
522 2581 640 2642 mutatis
663 2575 848 2662 ἀνεσχόμην
863 2581 908 2642 vel
924 2576 1106 2664 ἠνεσχόμην
1122 2594 1308 2663 receperunt.
1346 2583 1430 2655 Quod

292 2682 518 2760 haudquaquam
542 2680 738 2757 probaverim.
776 2681 849 2741 Nam
873 2681 896 2742 si
913 2681 1020 2743 dixeris
1037 2683 1110 2743 male
1126 2700 1232 2744 sonare
1252 2675 1430 2764 ἠνσχόμην,

292 2780 439 2841 inveneris
463 2775 579 2858 ἄνσχεο
596 2779 626 2839 ΙΙ.
643 2779 745 2853 ΧΧΙΙΙ,
770 2800 795 2840 v.
812 2778 882 2851 587,
907 2778 1115 2862 οένσχήσομαυ
1132 2783 1164 2854 V,
1187 2801 1213 2841 v.
1234 2783 1301 2854 104,
1317 2777 1434 2862 ἆνσχε-
1494 2807 1498 2818 ¹

293 2880 389 2940 θέειν
412 2876 466 2939 Od.
484 2877 515 2950 V,
542 2897 564 2938 ν.
583 2876 655 2949 320,
689 2885 721 2938 ut
749 2877 822 2938 mihi
852 2879 996 2940 concedes
1022 2887 1168 2958 oporteat,
1203 2880 1280 2958 quod
1305 2879 1434 2944 Homero

294 2977 422 3045 licuerit,
456 2975 534 3036 idem
568 2975 684 3037 licuisse
716 2977 864 3056 Sophocli.
920 2978 1121 3056 hugmentum
1155 2995 1223 3038 vero
1262 2979 1388 3041 alterum
1419 3001 1434 3042 a

295 3085 380 3156 poeta
408 3074 504 3135 omitti
536 3074 667 3155 potuisse
695 3075 760 3152 quis
792 3083 836 3136 est
866 3076 916 3154 qui
943 3073 1052 3154 neget?
1098 3077 1164 3136 Sola
1192 3076 1270 3137 enirn
1295 3079 1367 3140 haec
1390 3085 1437 3140 est

291 3174 468 3236 'removendi
502 3183 596 3246 causa,
631 3173 709 3252 quod
743 3191 803 3234 nno
837 3175 893 3234 hoc
926 3175 990 3234 loco
1021 3177 1116 3234 forma
1146 3175 1304 3237 invenitur.
1356 3179 1437 3250 Quae

297 3292 382 3334 causo
421 3271 507 3332 nobis
544 3281 602 3332 tarn
643 3271 742 3332 multis
779 3272 961 3351 sumptorum
1005 3273 1195 3351 anhquornm
1234 3275 1436 3336 monumentis

298 3370 459 3450 deperditis
483 3371 560 3432 nulla
584 3377 637 3430 est.
678 3369 790 3442 Quodsi
813 3371 891 3432 enim
916 3390 1018 3431 omnes
1043 3371 1196 3432 nominum
1220 3373 1265 3433 vel
1281 3375 1436 3436 verborum

298 3471 408 3531 formas
441 3469 604 3548 singulares
637 3485 790 3528 removere
824 3477 912 3548 atque
942 3469 1144 3530 usitatioribus
1171 3479 1201 3530 et
1230 3473 1437 3536 communibus

300 3579 414 3630 mutare
447 3568 603 3640 vellemus,
638 3574 748 3646 quanta
782 3575 911 3628 exstaret
944 3567 1142 3630 mutationum
1176 3569 1273 3648 copia,
1307 3590 1323 3633 a
1357 3573 1437 3634 nullo

296 3666 421 3728 homine
455 3665 575 3735 critico,
608 3665 659 3744 qui
693 3665 811 3743 quidem
841 3665 881 3725 sit
912 3666 1043 3745 prudens
1076 3675 1165 3744 atque
1198 3667 1438 3749 circumspectus,

300 3763 438 3845 probata!
483 3764 524 3824 Ita
548 3781 587 3823 ne
610 3765 736 3826 sormam
760 3760 837 3844 ἐμέν
859 3764 979 3844 quidem
1003 3767 1045 3826 El.
1070 3785 1095 3824 v.
1112 3763 1149 3822 21
1176 3766 1255 3826 verbi
1278 3769 1364 3830 εἶναι
1386 3789 1439 3848 pro

301 3863 411 3945 ἐσμέν,
436 3881 509 3942 quae
531 3862 618 3923 nullis
646 3863 757 3941 legibus
783 3863 982 3940 grammaticis
1008 3865 1133 3936 dentata,
1160 3863 1252 3924 Immo
1276 3885 1344 3928 vero
1367 3869 1440 3928 salso

302 3963 368 4022 lleta
384 3971 437 4035 est,
453 3961 571 4022 Curtius
587 3961 663 4022 verb.
677 3961 795 4041 graeel
811 3980 838 4040 p.
854 3962 912 4024 tlt
926 3981 970 4042 sq.
988 3969 1130 4024 mutatam
1143 3963 1243 4024 voluit.
1266 3964 1440 4028 Rectissime

304 4060 421 4139 quidem
445 4059 503 4120 ille.

389 4158 545 4237 Reliquum
579 4167 625 4220 est
657 4158 745 4236 igitur
777 4167 810 4220 ut
843 4159 962 4220 tertium
999 4159 1172 4222 vocabulum
1206 4161 1285 4240 quod
1319 4163 1441 4224 ollendit

307 4251 454 4320 θανόντα
483 4266 532 4318 aut
554 4257 747 4318 defendamus
775 4264 826 4318 aut
856 4258 1058 4319 emendemus.
1104 4259 1188 4331 Quod
1211 4259 1236 4320 si
1258 4269 1303 4320 est
1325 4279 1441 4333 sanum,

306 4357 383 4418 nulla
415 4375 481 4418 cum
516 4356 568 4416 alia
600 4375 670 4416 voce
699 4355 838 4435 coniungi
867 4356 953 4418 dehet
981 4357 1035 4418 nisi
1063 4377 1128 4418 eum
1159 4353 1260 4420 νέκυν.
1306 4359 1342 4420 Et
1371 4379 1441 4421 sana

306 4455 424 4534 quidem
458 4453 614 4516 sententia.
659 4453 730 4514 Nam
765 4453 834 4516 Inde
867 4453 903 4516 eb
928 4456 1055 4552 Homero
1090 4475 1182 4536 usqne
1215 4457 1250 4518 ad
1275 4458 1442 4538 Euripidem
