3266 5084
671 349 889 412 ..55-

313 521 413 588 odeo>
436 548 483 610 555
507 522 602 588 τάδε
624 523 655 604 γ’
679 524 761 599 ἐστί,
786 523 886 606 φίλον
906 527 1008 598 τέκος,
1032 521 1076 600 αἱς
1099 522 1278 609 ἀγορεύεις,

212 649 241 701 et
268 639 429 720 Aeschylus
464 639 580 702 locutus
607 639 646 700 sit
673 639 705 700 in
732 637 813 702 Pers.
838 659 863 700 v.
888 639 946 700 170
981 633 1026 712 ὥς
1058 633 1181 712 οὕτως
1214 635 1355 718 ἐχόντων

210 736 344 802 τῶνδ5

295 839 337 899 llo
358 837 573 919 pronominum
598 829 693 908 οὗτος
715 843 745 900 et
767 829 825 900 ὅδε
847 837 873 897 vi
897 855 930 900 55
959 836 1128 899 discrimine
1157 839 1193 899 cl.
1217 837 1355 900 Kuehner

210 955 251 1018 gr.
275 955 317 1017 gr.
342 937 398 998 vol.
415 937 450 1010 ll,
474 955 522 1017 pp.
540 936 601 998 555
614 956 658 1016 55.

295 1035 409 1110 Quibus
432 1035 597 1098 emendatis
620 1043 710 1115 atque
732 1034 882 1114 explicatis
905 1043 997 1096 restat
1018 1043 1052 1096 ut
1073 1035 1135 1117 μέν
1149 1035 1355 1110 defendamus,

211 1137 288 1216 quod
312 1144 443 1198 extremo
471 1134 604 1196 membro
634 1133 764 1215 positum
794 1153 860 1196 esse
883 1133 983 1196 Nauck
1013 1143 1044 1195 et
1066 1134 1113 1195 alii
1136 1153 1222 1215 aegre
1245 1136 1354 1197 ierunt.

210 1236 297 1318 Quae
314 1234 453 1315 particula
477 1233 656 1294 adversativa
680 1233 705 1294 ei
722 1233 786 1294 voci
802 1234 1007 1313 postponenda
1024 1241 1080 1305 est,
1102 1252 1177 1313 quae
1193 1234 1354 1314 opponitur

209 1335 273 1396 voci
294 1333 437 1414 particula
460 1327 497 1393 dt
519 1332 664 1394 delinitae.
709 1334 808 1405 Quum
832 1333 888 1393 555
910 1331 941 1392 in
965 1351 1054 1394 versu
1076 1329 1156 1394 τάδε
1172 1341 1201 1394 et
1216 1327 1301 1395 ἄλλα
1317 1329 1354 1394 δέ

209 1435 288 1494 inter
310 1452 343 1494 se
364 1431 574 1512 respondeant,
598 1415 679 1512 patet
700 1433 760 1513 μέν
776 1431 849 1492 nulli
873 1431 919 1494 alii
944 1431 1005 1492 voci
1027 1431 1145 1512 adiungi
1161 1451 1249 1511 posse
1264 1451 1352 1512 quam

209 1529 297 1593 τάδε.
339 1528 429 1593 Τάδε
443 1540 541 1593 autem
564 1531 596 1592 in
619 1529 674 1591 hoo
690 1532 825 1592 membro
848 1530 986 1593 adverbio
1009 1523 1093 1592 οὕτω
1110 1531 1352 1610 postponendum

209 1639 283 1704 erat,
306 1631 374 1710 quia
396 1631 454 1692 hoc
476 1647 543 1692 oum
572 1638 694 1691 accentu
716 1630 845 1710 quodam
877 1629 990 1692 dictum
1018 1638 1063 1690 est
1085 1637 1173 1710 atque
1195 1630 1350 1692 dicendum

210 1737 282 1803 erat,
307 1729 344 1790 cl.
368 1747 440 1810 quas
462 1747 550 1808 supra
574 1729 659 1790 attuli
682 1728 814 1790 eiusdem
838 1727 1061 1807 significationis
1084 1728 1236 1790 formulas.

293 1829 395 1908 Neque
423 1828 582 1908 Scyllum,
617 1847 649 1889 ea
684 1847 750 1890 oum
784 1827 823 1888 ita
858 1827 934 1898 sint,
967 1824 1067 1909 ταύτῃ
1102 1827 1258 1906 legendum
1286 1847 1352 1889 esse

207 1926 368 1990 allirmanti
401 1927 611 1989 concesserim.
656 1925 748 1988 Recte
777 1927 907 2007 quidem,
937 1927 962 1988 si
986 1926 1073 2004 εἶχεν
1095 1925 1152 1988 555
1182 1929 1247 1988 loco
1272 1926 1350 1988 idem

209 2035 287 2088 esset
301 2033 399 2104 atque
421 2027 562 2099 evenit,
586 2021 685 2109 ταύτῃ
709 2026 840 2107 positum
864 2035 952 2088 esset.
991 2026 1049 2087 Sed
1066 2025 1153 2087 verba
1170 2025 1236 2103 εἶχε
1250 2020 1350 2108 ταύτῃ

208 2146 242 2188 55
262 2129 371 2186 ratione
394 2128 485 2186 euenit
512 2125 583 2186 nihil
612 2125 689 2186 aliud
720 2132 791 2187 sunt
814 2125 870 2186 nisi
898 2124 1034 2204 languida
1064 2141 1178 2198 eorum,
1212 2142 1287 2204 5555
1319 2123 1350 2184 in

209 2245 253 2285 vv.
276 2211 410 2305 praeced.
446 2224 576 2304 exposita
606 2231 700 2297 erant,
734 2223 884 2304 repetitio,
919 2223 1005 2302 εἶχεν
1038 2217 1121 2286 οὕτω
1151 2241 1221 2284 vero
1253 2222 1351 2284 haecce

208 2327 248 2386 itu
276 2343 305 2384 55
333 2323 510 2394 doluerunt,
542 2323 695 2403 aptissime
728 2323 911 2384 concludunt
944 2323 1021 2384 5555
1053 2321 1191 2384 carminis
1225 2329 1350 2402 partem.

208 2421 350 2483 Similiter
376 2421 499 2484 nuntius
526 2422 557 2482 in
580 2421 714 2502 Aeschyli
738 2422 820 2502 Sept.
849 2441 873 2482 c.
901 2421 995 2483 Theb.
1023 2441 1066 2482 vv.
1091 2420 1228 2500 792sqq.
1260 2421 1350 2481 choro

209 2521 350 2582 nuntians
388 2520 510 2600 Argivos
545 2521 682 2600 repulsos
719 2539 799 2594 esse,
833 2539 877 2581 55.
907 2519 968 2581 799
984 2541 1048 2602 sqq.
1074 2511 1164 2600 'quae
1204 2519 1351 2580 nuntiavit

207 2619 357 2681 concludit

307 2739 412 2815 καλῶς
436 2739 565 2821 ἔχειτὰ
589 2737 720 2805 πλεῖστ’
744 2739 778 2806 ἐν
801 2741 835 2815 ἕξ
857 2740 1064 2826 πυλώμασιν.

289 2895 373 2957 Hanc
394 2895 551 2957 formulam
569 2914 623 2957 usu
648 2915 712 2958 esse
734 2903 882 2976 receptam
906 2897 937 2958 in
960 2897 1010 2959 tali
1034 2897 1174 2959 orationis
1198 2905 1347 2960 structura

207 2996 295 3056 docet
317 2994 404 3056 etiam
428 2995 644 3056 Demosthenes
667 2995 698 3057 in
722 2994 840 3076 Olynth.
855 2995 891 3069 ll,
907 2995 940 3057 9:
970 2995 1025 3057 καὶ
1047 2994 1112 3080 μὴν
1135 2998 1166 3058 εἴ
1188 3019 1238 3070 τις
1259 2990 1351 3078 ὑμῶν

204 3090 390 3175 ταῦταμὲν
412 3085 513 3166 οὕτως
536 3090 624 3173 ἔχειν
645 3085 778 3176 ἡγεῖται
801 3131 852 3156 -.

290 3194 372 3267 Quae
395 3193 420 3255 si
442 3200 521 3255 reete
543 3193 690 3274 disputata
714 3204 794 3269 sunt,
825 3212 888 3257 555
911 3213 986 3275 opus
1010 3203 1056 3256 est
1078 3193 1134 3274 legi
1157 3214 1192 3256 ex
1208 3193 1349 3256 Erlurdtii

205 3292 372 3355 coniectura
397 3291 464 3370 εἶχε
486 3287 517 3354 d'
541 3288 627 3370 ἄλλᾳ
649 3291 690 3354 τὰ
712 3295 779 3374 μέν,
811 3294 889 3375 quod
917 3293 996 3356 idem
1020 3313 1086 3355 5555
1108 3301 1197 3373 atque
1219 3313 1251 3355 ea
1274 3313 1349 3373 quae

204 3390 348 3482 continuo
382 3399 549 3472 sequuntur
582 3387 668 3453 ἄλλα
701 3386 734 3454 d’
768 3387 824 3455 ἐπ’
856 3387 968 3465 ἄλλοις
989 3401 1043 3454 etc.
1079 3392 1152 3453 dixit
1184 3392 1346 3466 Hermann,

204 3474 301 3571 55555
333 3491 442 3553 habere
475 3491 554 3571 quod
589 3501 759 3572 opponatur
791 3492 918 3562 Ellendt,
953 3500 1004 3553 aut
1026 3491 1188 3553 liermanni
1217 3491 1284 3568 εἶχε
1312 3488 1347 3552 δ’

204 3585 289 3652 ἄλλα
319 3588 380 3672 μὲν
414 3586 510 3665 ἄλλα,
545 3591 624 3671 quod
657 3591 834 3653 insolentius
869 3591 979 3652 dictum
1009 3609 1072 3652 5555
1102 3591 1165 3670 ipse
1193 3591 1348 3664 concessit,

204 3698 254 3752 aut
277 3689 404 3769 denique
427 3689 536 3752 utalia
559 3691 694 3752 omittam
718 3690 815 3751 lovem
840 3689 903 3769 cogi
930 3697 963 3750 ut
986 3690 1085 3752 denuo
1108 3690 1291 3763 interveniat,
1317 3698 1348 3751 nt

204 3789 313 3850 lactum
348 3797 394 3850 est
426 3808 441 3850 a
476 3789 628 3870 Seyfferto,
663 3789 789 3861 Wolllio,
823 3787 998 3867 Hartungio,
1039 3805 1127 3868 quem
1162 3788 1233 3848 item
1266 3784 1347 3850 τάδε

204 3887 365 3950 coniecisse
387 3887 480 3950 video.

288 4007 315 4048 v.
338 3987 410 4048 467.
455 3987 602 4066 Antigona
624 3985 802 4066 interrogata
825 4007 841 4048 a
864 3988 1001 4060 Creonte,
1030 4005 1082 4047 cur
1109 4005 1177 4048 5555
1201 3987 1240 4049 sit
1266 3987 1345 4064 leges

203 4105 273 4147 suas
304 4086 446 4166 migrare,
479 4086 642 4167 respondet
675 4103 772 4166 neque
805 4086 840 4147 ab
874 4086 942 4148 love
970 4104 1067 4166 neque
1094 4085 1129 4148 ab
1152 4085 1267 4148 lustitia
1297 4087 1344 4148 in-

202 4185 334 4246 ferorum
363 4185 449 4246 hasce
478 4184 558 4264 leges
585 4185 658 4246 latas
687 4201 751 4246 esse
782 4203 880 4264 neque
902 4203 934 4246 55
963 4191 1084 4264 putasse
1107 4183 1242 4246 Creontis
1264 4185 1344 4248 iussa

205 4293 320 4346 tantum
354 4285 464 4357 valere,
499 4292 641 4364 quantum
675 4284 799 4345 deorum
830 4284 893 4346 iura
924 4301 984 4345 non
1013 4283 1131 4364 scripta.
1175 4283 1289 4357 Quibus
1312 4303 1344 4346 55

203 4401 314 4462 poenas
338 4383 405 4444 dare
427 4382 558 4444 uoluisse
579 4382 734 4444 hominum
759 4391 841 4444 metu
857 4382 1034 4446 exterritam.
1071 4377 1244 4444 Morituram
1262 4383 1342 4445 enim

203 4500 236 4542 se
258 4481 343 4552 scire,
366 4481 444 4561 quod
469 4481 588 4561 priusne
610 4499 647 4542 an
671 4490 773 4562 postea
796 4482 889 4555 lieret,
912 4479 983 4543 nihil
1005 4485 1127 4544 referre.
1165 4481 1342 4564 Quicunque
