<?xml version="1.0" encoding="UTF-8"?>
<!DOCTYPE html PUBLIC "-//W3C//DTD XHTML 1.0 Transitional//EN"
    "http://www.w3.org/TR/xhtml1/DTD/xhtml1-transitional.dtd">
<html xmlns="http://www.w3.org/1999/xhtml" xml:lang="en" lang="en">
 <head>
  <title>
</title>
<meta http-equiv="Content-Type" content="text/html;charset=utf-8" />
  <meta name='ocr-system' content='tesseract 3.04.00' />
  <meta name='ocr-capabilities' content='ocr_page ocr_carea ocr_par ocr_line ocrx_word'/>
</head>
<body>
  <div class='ocr_page' id='page_1' title='image "./emendationeseti00mlgoog_0054.png"; bbox 0 0 3266 5084; ppageno 0'>
   <div class='ocr_carea' id='block_1_1' title="bbox 643 337 892 398">
    <p class='ocr_par' dir='ltr' id='par_1_1' title="bbox 643 337 892 398">
     <span class='ocr_line' id='line_1_1' title="bbox 643 337 892 398; baseline 0 0"><span class='ocrx_word' id='word_1_1' title='bbox 643 337 892 398; x_wconf 84' lang='lat'>·—49-</span> 
     </span>
    </p>
   </div>
   <div class='ocr_carea' id='block_1_2' title="bbox 209 508 1350 1184">
    <p class='ocr_par' dir='ltr' id='par_1_2' title="bbox 209 508 1350 988">
     <span class='ocr_line' id='line_1_2' title="bbox 209 508 1349 592; baseline 0.006 -24"><span class='ocrx_word' id='word_1_2' title='bbox 209 518 239 569; x_wconf 89' lang='lat' dir='ltr'>et</span> <span class='ocrx_word' id='word_1_3' title='bbox 262 508 409 570; x_wconf 90' lang='lat' dir='ltr'>sententia</span> <span class='ocrx_word' id='word_1_4' title='bbox 432 519 533 588; x_wconf 90' lang='lat' dir='ltr'>aptum</span> <span class='ocrx_word' id='word_1_5' title='bbox 566 521 595 572; x_wconf 90' lang='lat' dir='ltr'>et</span> <span class='ocrx_word' id='word_1_6' title='bbox 616 531 631 572; x_wconf 91' lang='lat' dir='ltr'>a</span> <span class='ocrx_word' id='word_1_7' title='bbox 655 512 759 572; x_wconf 84' lang='lat' dir='ltr'>llothio</span> <span class='ocrx_word' id='word_1_8' title='bbox 782 533 798 571; x_wconf 90' lang='lat' dir='ltr'>e</span> <span class='ocrx_word' id='word_1_9' title='bbox 821 512 933 588; x_wconf 83' lang='lat' dir='ltr'>legibus</span> <span class='ocrx_word' id='word_1_10' title='bbox 956 513 1156 592; x_wconf 77' lang='lat' dir='ltr'><strong>grammaticis</strong></span> <span class='ocrx_word' id='word_1_11' title='bbox 1183 525 1349 576; x_wconf 89' lang='lat' dir='ltr'>correctum</span> 
     </span>
     <span class='ocr_line' id='line_1_3' title="bbox 209 599 1350 693; baseline 0.007 -26"><span class='ocrx_word' id='word_1_12' title='bbox 209 607 261 680; x_wconf 90' lang='lat' dir='ltr'>sit,</span> <span class='ocrx_word' id='word_1_13' title='bbox 284 607 512 686; x_wconf 81' lang='lat' dir='ltr'>expungendum</span> <span class='ocrx_word' id='word_1_14' title='bbox 536 609 652 670; x_wconf 87' lang='lat' dir='ltr'>videtur</span> <span class='ocrx_word' id='word_1_15' title='bbox 674 601 712 672; x_wconf 76' lang='grc'>111</span> <span class='ocrx_word' id='word_1_16' title='bbox 740 599 804 692; x_wconf 73' lang='grc' dir='ltr'>γάρ</span> <span class='ocrx_word' id='word_1_17' title='bbox 825 605 860 692; x_wconf 70' lang='grc' dir='ltr'>μ’</span> <span class='ocrx_word' id='word_1_18' title='bbox 884 607 932 671; x_wconf 79' lang='grc' dir='ltr'>ἔτι</span> <span class='ocrx_word' id='word_1_19' title='bbox 953 606 1121 693; x_wconf 74' lang='grc' dir='ltr'>ἐσόψεσθ’</span> <span class='ocrx_word' id='word_1_20' title='bbox 1145 606 1248 687; x_wconf 75' lang='grc' dir='ltr'><strong><em>αὖθις</em></strong></span> <span class='ocrx_word' id='word_1_21' title='bbox 1267 615 1350 692; x_wconf 80' lang='lat' dir='ltr'>glos-</span> 
     </span>
     <span class='ocr_line' id='line_1_4' title="bbox 209 706 1349 796; baseline 0.009 -30"><span class='ocrx_word' id='word_1_22' title='bbox 209 724 289 767; x_wconf 89' lang='lat' dir='ltr'>sema</span> <span class='ocrx_word' id='word_1_23' title='bbox 312 714 342 767; x_wconf 90' lang='lat' dir='ltr'>et</span> <span class='ocrx_word' id='word_1_24' title='bbox 364 707 660 788; x_wconf 76' lang='lat' dir='ltr'>interpretamentum</span> <span class='ocrx_word' id='word_1_25' title='bbox 684 727 785 770; x_wconf 88' lang='lat' dir='ltr'>versus</span> <span class='ocrx_word' id='word_1_26' title='bbox 803 709 885 769; x_wconf 86' lang='grc'><strong>1436</strong></span> <span class='ocrx_word' id='word_1_27' title='bbox 900 718 988 790; x_wconf 91' lang='lat' dir='ltr'>atque</span> <span class='ocrx_word' id='word_1_28' title='bbox 1011 719 1044 771; x_wconf 87' lang='lat' dir='ltr'>ut</span> <span class='ocrx_word' id='word_1_29' title='bbox 1065 706 1218 792; x_wconf 70' lang='grc' dir='ltr'><strong><em>μέθεσθε</em></strong></span> <span class='ocrx_word' id='word_1_30' title='bbox 1240 708 1271 774; x_wconf 84' lang='lat' dir='ltr'>d’</span> <span class='ocrx_word' id='word_1_31' title='bbox 1287 710 1349 796; x_wconf 76' lang='grc' dir='ltr'>ἤδη</span> 
     </span>
     <span class='ocr_line' id='line_1_5' title="bbox 210 807 1350 892; baseline 0.01 -28"><span class='ocrx_word' id='word_1_32' title='bbox 210 813 239 865; x_wconf 86' lang='grc'>11</span> <span class='ocrx_word' id='word_1_33' title='bbox 272 823 348 885; x_wconf 89' lang='lat' dir='ltr'>quae</span> <span class='ocrx_word' id='word_1_34' title='bbox 382 813 550 886; x_wconf 88' lang='lat' dir='ltr'>sequuntur</span> <span class='ocrx_word' id='word_1_35' title='bbox 583 807 750 870; x_wconf 84' lang='lat' dir='ltr'>trimetrum</span> <span class='ocrx_word' id='word_1_36' title='bbox 785 808 914 870; x_wconf 80' lang='lat' dir='ltr'>efficiant</span> <span class='ocrx_word' id='word_1_37' title='bbox 947 809 1057 870; x_wconf 85' lang='lat' dir='ltr'>iustum</span> <span class='ocrx_word' id='word_1_38' title='bbox 1093 827 1160 872; x_wconf 92' lang='lat' dir='ltr'>cum</span> <span class='ocrx_word' id='word_1_39' title='bbox 1189 812 1350 892; x_wconf 80' lang='lat' dir='ltr'>Antigonae</span> 
     </span>
     <span class='ocr_line' id='line_1_6' title="bbox 209 899 979 988; baseline 0.003 -22"><span class='ocrx_word' id='word_1_40' title='bbox 209 905 318 967; x_wconf 89' lang='lat' dir='ltr'>eiulatu</span> <span class='ocrx_word' id='word_1_41' title='bbox 339 900 491 988; x_wconf 75' lang='lat' dir='ltr'>xulqeaa‘u</span> <span class='ocrx_word' id='word_1_42' title='bbox 513 899 543 966; x_wconf 83' lang='lat' dir='ltr'>a’</span> <span class='ocrx_word' id='word_1_43' title='bbox 567 907 741 968; x_wconf 92' lang='lat' dir='ltr'>curtandum</span> <span class='ocrx_word' id='word_1_44' title='bbox 766 907 796 968; x_wconf 91' lang='lat' dir='ltr'>in</span> <span class='ocrx_word' id='word_1_45' title='bbox 818 903 979 988; x_wconf 77' lang='grc' dir='ltr'><strong>χαίρετ’.</strong></span> 
     </span>
    </p>

    <p class='ocr_par' dir='ltr' id='par_1_3' title="bbox 210 1001 1350 1184">
     <span class='ocr_line' id='line_1_7' title="bbox 294 1001 1350 1089; baseline 0.008 -25"><span class='ocrx_word' id='word_1_46' title='bbox 294 1023 337 1064; x_wconf 82' lang='grc'>11.</span> <span class='ocrx_word' id='word_1_47' title='bbox 364 1004 443 1064; x_wconf 84' lang='grc'><strong>1457</strong></span> <span class='ocrx_word' id='word_1_48' title='bbox 455 1021 499 1084; x_wconf 91' lang='lat' dir='ltr'>sq.</span> <span class='ocrx_word' id='word_1_49' title='bbox 544 1001 714 1068; x_wconf 88' lang='lat' dir='ltr'>Tonitrihus</span> <span class='ocrx_word' id='word_1_50' title='bbox 747 1007 850 1086; x_wconf 90' lang='lat' dir='ltr'>primis</span> <span class='ocrx_word' id='word_1_51' title='bbox 882 1007 989 1069; x_wconf 90' lang='lat' dir='ltr'>auditis</span> <span class='ocrx_word' id='word_1_52' title='bbox 1012 1007 1142 1089; x_wconf 81' lang='lat' dir='ltr'>Oedipus</span> <span class='ocrx_word' id='word_1_53' title='bbox 1176 1009 1248 1074; x_wconf 84' lang='lat' dir='ltr'>filias</span> <span class='ocrx_word' id='word_1_54' title='bbox 1281 1030 1350 1072; x_wconf 89' lang='lat' dir='ltr'>suas</span> 
     </span>
     <span class='ocr_line' id='line_1_8' title="bbox 210 1101 1046 1184; baseline 0.005 -21"><span class='ocrx_word' id='word_1_55' title='bbox 210 1103 335 1182; x_wconf 88' lang='lat' dir='ltr'>appellat</span> <span class='ocrx_word' id='word_1_56' title='bbox 356 1108 390 1163; x_wconf 89' lang='lat' dir='ltr'>ut</span> <span class='ocrx_word' id='word_1_57' title='bbox 412 1101 489 1163; x_wconf 93' lang='lat' dir='ltr'>illico</span> <span class='ocrx_word' id='word_1_58' title='bbox 513 1102 641 1177; x_wconf 88' lang='lat' dir='ltr'>mittant,</span> <span class='ocrx_word' id='word_1_59' title='bbox 665 1104 715 1184; x_wconf 92' lang='lat' dir='ltr'>qni</span> <span class='ocrx_word' id='word_1_60' title='bbox 737 1104 885 1166; x_wconf 84' lang='lat' dir='ltr'>Theseum</span> <span class='ocrx_word' id='word_1_61' title='bbox 910 1113 1046 1178; x_wconf 85' lang='lat' dir='ltr'>arcessat,</span> 
     </span>
    </p>
   </div>
   <div class='ocr_carea' id='block_1_3' title="bbox 309 1219 1066 1411">
    <p class='ocr_par' dir='ltr' id='par_1_4' title="bbox 309 1219 1066 1411">
     <span class='ocr_line' id='line_1_9' title="bbox 310 1219 1066 1305; baseline 0.005 -17"><span class='ocrx_word' id='word_1_62' title='bbox 310 1219 334 1288; x_wconf 85' lang='grc' dir='ltr'><em>ὦ</em></span> <span class='ocrx_word' id='word_1_63' title='bbox 356 1226 463 1302; x_wconf 80' lang='grc' dir='ltr'><strong><em>τέκνα,</em></strong></span> <span class='ocrx_word' id='word_1_64' title='bbox 487 1228 595 1301; x_wconf 76' lang='grc' dir='ltr'><strong><em>τέκνα,</em></strong></span> <span class='ocrx_word' id='word_1_65' title='bbox 620 1229 690 1300; x_wconf 77' lang='grc' dir='ltr'>πῶς</span> <span class='ocrx_word' id='word_1_66' title='bbox 713 1223 767 1302; x_wconf 79' lang='grc' dir='ltr'>ἄν,</span> <span class='ocrx_word' id='word_1_67' title='bbox 791 1230 893 1302; x_wconf 76' lang='grc' dir='ltr'><strong><em>εἴτις</em></strong></span> <span class='ocrx_word' id='word_1_68' title='bbox 916 1225 1066 1305; x_wconf 65' lang='lat' dir='ltr'>ducenos,</span> 
     </span>
     <span class='ocr_line' id='line_1_10' title="bbox 309 1315 1050 1411; baseline 0.003 -25"><span class='ocrx_word' id='word_1_69' title='bbox 309 1323 367 1387; x_wconf 83' lang='grc' dir='ltr'>τὸν</span> <span class='ocrx_word' id='word_1_70' title='bbox 390 1315 491 1387; x_wconf 66' lang='grc' dir='ltr'><em>πάντ’</em></span> <span class='ocrx_word' id='word_1_71' title='bbox 515 1321 651 1408; x_wconf 79' lang='grc' dir='ltr'><strong><em>ἄριστον</em></strong></span> <span class='ocrx_word' id='word_1_72' title='bbox 672 1323 771 1406; x_wconf 80' lang='grc' dir='ltr'><strong><em>δεῦρο</em></strong></span> <span class='ocrx_word' id='word_1_73' title='bbox 796 1327 909 1409; x_wconf 82' lang='grc' dir='ltr'><em>Θησέα</em></span> <span class='ocrx_word' id='word_1_74' title='bbox 933 1325 1032 1411; x_wconf 82' lang='grc' dir='ltr'><strong><em>πόροι</em></strong></span> <span class='ocrx_word' id='word_1_75' title='bbox 1039 1355 1050 1404; x_wconf 81' lang='lat'>‚-</span> 
     </span>
    </p>
   </div>
   <div class='ocr_carea' id='block_1_4' title="bbox 208 1443 1353 3028">
    <p class='ocr_par' dir='ltr' id='par_1_5' title="bbox 208 1443 1353 2322">
     <span class='ocr_line' id='line_1_11' title="bbox 210 1443 1351 1540; baseline 0.005 -30"><span class='ocrx_word' id='word_1_76' title='bbox 210 1451 243 1510; x_wconf 90' lang='grc'>11</span> <span class='ocrx_word' id='word_1_77' title='bbox 267 1450 312 1512; x_wconf 92' lang='lat' dir='ltr'>his</span> <span class='ocrx_word' id='word_1_78' title='bbox 335 1451 421 1512; x_wconf 84' lang='lat' dir='ltr'>verba</span> <span class='ocrx_word' id='word_1_79' title='bbox 445 1451 547 1523; x_wconf 75' lang='grc' dir='ltr'><strong><em>εἴτις</em></strong></span> <span class='ocrx_word' id='word_1_80' title='bbox 571 1443 708 1524; x_wconf 62' lang='lat' dir='ltr'>ittonae</span> <span class='ocrx_word' id='word_1_81' title='bbox 740 1453 922 1532; x_wconf 85' lang='lat' dir='ltr'>explicantur</span> <span class='ocrx_word' id='word_1_82' title='bbox 956 1455 987 1514; x_wconf 84' lang='lat' dir='ltr'>ei</span> <span class='ocrx_word' id='word_1_83' title='bbox 1019 1476 1069 1526; x_wconf 79' lang='grc' dir='ltr'>τις</span> <span class='ocrx_word' id='word_1_84' title='bbox 1102 1451 1138 1516; x_wconf 80' lang='grc' dir='ltr'>ἒν</span> <span class='ocrx_word' id='word_1_85' title='bbox 1170 1449 1273 1540; x_wconf 79' lang='grc' dir='ltr'><strong><em>τούτῳ</em></strong></span> <span class='ocrx_word' id='word_1_86' title='bbox 1306 1454 1351 1536; x_wconf 79' lang='lat' dir='ltr'>aqi</span> 
     </span>
     <span class='ocr_line' id='line_1_12' title="bbox 209 1546 1350 1637; baseline 0.004 -28"><span class='ocrx_word' id='word_1_87' title='bbox 209 1546 302 1634; x_wconf 82' lang='grc' dir='ltr'><strong><em>τόπῳ</em></strong></span> <span class='ocrx_word' id='word_1_88' title='bbox 326 1546 423 1622; x_wconf 75' lang='grc' dir='ltr'><strong>ἐστίν,</strong></span> <span class='ocrx_word' id='word_1_89' title='bbox 448 1549 513 1610; x_wconf 85' lang='grc'><strong>1111.</strong></span> <span class='ocrx_word' id='word_1_90' title='bbox 529 1550 603 1610; x_wconf 88' lang='lat' dir='ltr'>Phil.</span> <span class='ocrx_word' id='word_1_91' title='bbox 620 1571 646 1610; x_wconf 92' lang='lat' dir='ltr'>v.</span> <span class='ocrx_word' id='word_1_92' title='bbox 664 1551 724 1612; x_wconf 84' lang='lat'>212</span> <span class='ocrx_word' id='word_1_93' title='bbox 749 1546 807 1612; x_wconf 80' lang='grc' dir='ltr'>οὐκ</span> <span class='ocrx_word' id='word_1_94' title='bbox 830 1547 974 1634; x_wconf 49' lang='lat' dir='ltr'>diedone,</span> <span class='ocrx_word' id='word_1_95' title='bbox 998 1547 1074 1613; x_wconf 76' lang='grc' dir='ltr'>ἀλλ’</span> <span class='ocrx_word' id='word_1_96' title='bbox 1098 1549 1236 1626; x_wconf 80' lang='grc' dir='ltr'><strong><em>ἕντοπος</em></strong></span> <span class='ocrx_word' id='word_1_97' title='bbox 1259 1548 1350 1637; x_wconf 78' lang='grc' dir='ltr'><strong>ἁνήρ.</strong></span> 
     </span>
     <span class='ocr_line' id='line_1_13' title="bbox 210 1645 1351 1728; baseline 0.004 -20"><span class='ocrx_word' id='word_1_98' title='bbox 210 1647 310 1728; x_wconf 88' lang='lat' dir='ltr'>Neque</span> <span class='ocrx_word' id='word_1_99' title='bbox 336 1649 391 1710; x_wconf 91' lang='lat' dir='ltr'>hac</span> <span class='ocrx_word' id='word_1_100' title='bbox 421 1649 553 1711; x_wconf 80' lang='lat' dir='ltr'>adjectivi</span> <span class='ocrx_word' id='word_1_101' title='bbox 581 1645 719 1722; x_wconf 77' lang='grc' dir='ltr'><strong><em>ε”ντοπος</em></strong></span> <span class='ocrx_word' id='word_1_102' title='bbox 745 1650 957 1728; x_wconf 85' lang='lat' dir='ltr'>significatione</span> <span class='ocrx_word' id='word_1_103' title='bbox 985 1651 1173 1726; x_wconf 76' lang='lat' dir='ltr'>offenderim,</span> <span class='ocrx_word' id='word_1_104' title='bbox 1201 1653 1251 1713; x_wconf 90' lang='lat' dir='ltr'>sed</span> <span class='ocrx_word' id='word_1_105' title='bbox 1282 1671 1351 1714; x_wconf 88' lang='lat' dir='ltr'>sen-</span> 
     </span>
     <span class='ocr_line' id='line_1_14' title="bbox 208 1747 1351 1830; baseline 0.005 -24"><span class='ocrx_word' id='word_1_106' title='bbox 208 1747 310 1820; x_wconf 90' lang='lat' dir='ltr'>tentia,</span> <span class='ocrx_word' id='word_1_107' title='bbox 334 1767 408 1828; x_wconf 91' lang='lat' dir='ltr'>quae</span> <span class='ocrx_word' id='word_1_108' title='bbox 431 1750 487 1810; x_wconf 87' lang='lat' dir='ltr'>hoc</span> <span class='ocrx_word' id='word_1_109' title='bbox 501 1749 636 1810; x_wconf 89' lang='lat' dir='ltr'>membro</span> <span class='ocrx_word' id='word_1_110' title='bbox 653 1749 842 1809; x_wconf 81' lang='lat' dir='ltr'>conditionali</span> <span class='ocrx_word' id='word_1_111' title='bbox 865 1749 1049 1828; x_wconf 86' lang='lat' dir='ltr'>exprimitur.</span> <span class='ocrx_word' id='word_1_112' title='bbox 1087 1747 1186 1822; x_wconf 79' lang='lat' dir='ltr'>Quid?</span> <span class='ocrx_word' id='word_1_113' title='bbox 1220 1749 1351 1830; x_wconf 88' lang='lat' dir='ltr'>Oedipus</span> 
     </span>
     <span class='ocr_line' id='line_1_15' title="bbox 209 1845 1352 1927; baseline 0.004 -22"><span class='ocrx_word' id='word_1_114' title='bbox 209 1853 272 1907; x_wconf 94' lang='lat' dir='ltr'>toto</span> <span class='ocrx_word' id='word_1_115' title='bbox 299 1845 390 1908; x_wconf 86' lang='lat' dir='ltr'>choro</span> <span class='ocrx_word' id='word_1_116' title='bbox 412 1856 570 1927; x_wconf 90' lang='lat' dir='ltr'>praesente</span> <span class='ocrx_word' id='word_1_117' title='bbox 604 1847 725 1918; x_wconf 84' lang='lat' dir='ltr'>dixerit,</span> <span class='ocrx_word' id='word_1_118' title='bbox 758 1847 783 1907; x_wconf 91' lang='lat' dir='ltr'>si</span> <span class='ocrx_word' id='word_1_119' title='bbox 816 1847 881 1926; x_wconf 93' lang='lat' dir='ltr'>qais</span> <span class='ocrx_word' id='word_1_120' title='bbox 915 1847 1006 1920; x_wconf 86' lang='lat' dir='ltr'>adsit,</span> <span class='ocrx_word' id='word_1_121' title='bbox 1029 1847 1175 1910; x_wconf 80' lang='lat' dir='ltr'>Theseum</span> <span class='ocrx_word' id='word_1_122' title='bbox 1199 1846 1352 1910; x_wconf 78' lang='lat' dir='ltr'>arcessat?</span> 
     </span>
     <span class='ocr_line' id='line_1_16' title="bbox 209 1945 1352 2028; baseline 0.003 -24"><span class='ocrx_word' id='word_1_123' title='bbox 209 1945 311 2024; x_wconf 86' lang='lat' dir='ltr'>Neque</span> <span class='ocrx_word' id='word_1_124' title='bbox 333 1965 377 2004; x_wconf 90' lang='lat' dir='ltr'>vv.</span> <span class='ocrx_word' id='word_1_125' title='bbox 401 1947 480 2006; x_wconf 81' lang='lat'>1475</span> <span class='ocrx_word' id='word_1_126' title='bbox 494 1967 536 2027; x_wconf 91' lang='lat' dir='ltr'>sq.</span> <span class='ocrx_word' id='word_1_127' title='bbox 561 1955 622 2008; x_wconf 92' lang='lat' dir='ltr'>tam</span> <span class='ocrx_word' id='word_1_128' title='bbox 651 1947 749 2026; x_wconf 90' lang='lat' dir='ltr'>inepte</span> <span class='ocrx_word' id='word_1_129' title='bbox 778 1945 910 2025; x_wconf 88' lang='lat' dir='ltr'>loquitur</span> <span class='ocrx_word' id='word_1_130' title='bbox 933 1953 963 2006; x_wconf 87' lang='lat' dir='ltr'>et</span> <span class='ocrx_word' id='word_1_131' title='bbox 985 1965 1030 2005; x_wconf 86' lang='lat' dir='ltr'>vv.</span> <span class='ocrx_word' id='word_1_132' title='bbox 1055 1946 1206 2027; x_wconf 76' lang='lat' dir='ltr'>ldOlsqq.</span> <span class='ocrx_word' id='word_1_133' title='bbox 1230 1948 1266 2007; x_wconf 91' lang='lat' dir='ltr'>ab</span> <span class='ocrx_word' id='word_1_134' title='bbox 1289 1948 1352 2028; x_wconf 90' lang='lat' dir='ltr'>ipso</span> 
     </span>
     <span class='ocr_line' id='line_1_17' title="bbox 210 2043 1352 2126; baseline 0.001 -21"><span class='ocrx_word' id='word_1_135' title='bbox 210 2043 299 2105; x_wconf 89' lang='lat' dir='ltr'>choro</span> <span class='ocrx_word' id='word_1_136' title='bbox 321 2043 454 2105; x_wconf 87' lang='lat' dir='ltr'>Theseus</span> <span class='ocrx_word' id='word_1_137' title='bbox 489 2054 610 2107; x_wconf 89' lang='lat' dir='ltr'>vocatur</span> <span class='ocrx_word' id='word_1_138' title='bbox 644 2054 672 2106; x_wconf 92' lang='lat' dir='ltr'>et</span> <span class='ocrx_word' id='word_1_139' title='bbox 705 2045 741 2106; x_wconf 90' lang='lat' dir='ltr'>ab</span> <span class='ocrx_word' id='word_1_140' title='bbox 775 2062 823 2105; x_wconf 88' lang='lat' dir='ltr'>ara</span> <span class='ocrx_word' id='word_1_141' title='bbox 847 2043 974 2125; x_wconf 85' lang='lat' dir='ltr'>Neptuni</span> <span class='ocrx_word' id='word_1_142' title='bbox 1004 2063 1200 2126; x_wconf 88' lang='lat' dir='ltr'>approperare</span> <span class='ocrx_word' id='word_1_143' title='bbox 1222 2045 1352 2106; x_wconf 89' lang='lat' dir='ltr'>iubetur.</span> 
     </span>
     <span class='ocr_line' id='line_1_18' title="bbox 211 2141 1353 2224; baseline 0.002 -20"><span class='ocrx_word' id='word_1_144' title='bbox 211 2141 330 2204; x_wconf 88' lang='lat' dir='ltr'>Conicio</span> <span class='ocrx_word' id='word_1_145' title='bbox 352 2161 420 2222; x_wconf 82' lang='lat' dir='ltr'>ergo</span> <span class='ocrx_word' id='word_1_146' title='bbox 443 2143 553 2206; x_wconf 88' lang='lat' dir='ltr'>litteras</span> <span class='ocrx_word' id='word_1_147' title='bbox 576 2143 622 2205; x_wconf 83' lang='lat' dir='ltr'>el</span> <span class='ocrx_word' id='word_1_148' title='bbox 640 2163 675 2204; x_wconf 81' lang='lat' dir='ltr'>ex</span> <span class='ocrx_word' id='word_1_149' title='bbox 698 2144 803 2204; x_wconf 89' lang='lat' dir='ltr'>litteris</span> <span class='ocrx_word' id='word_1_150' title='bbox 830 2144 923 2204; x_wconf 90' lang='lat' dir='ltr'>OYN</span> <span class='ocrx_word' id='word_1_151' title='bbox 942 2152 1096 2224; x_wconf 86' lang='lat' dir='ltr'>corruptas</span> <span class='ocrx_word' id='word_1_152' title='bbox 1120 2163 1193 2218; x_wconf 79' lang='lat' dir='ltr'>esse,</span> <span class='ocrx_word' id='word_1_153' title='bbox 1217 2145 1353 2206; x_wconf 89' lang='lat' dir='ltr'>scriben-</span> 
     </span>
     <span class='ocr_line' id='line_1_19' title="bbox 212 2237 903 2322; baseline 0.001 -19"><span class='ocrx_word' id='word_1_154' title='bbox 212 2245 342 2322; x_wconf 88' lang='lat' dir='ltr'>dumque</span> <span class='ocrx_word' id='word_1_155' title='bbox 363 2241 434 2314; x_wconf 81' lang='grc' dir='ltr'>πῶς</span> <span class='ocrx_word' id='word_1_156' title='bbox 457 2238 498 2304; x_wconf 83' lang='grc' dir='ltr'>ἂν</span> <span class='ocrx_word' id='word_1_157' title='bbox 521 2237 591 2306; x_wconf 83' lang='grc' dir='ltr'>οὖν</span> <span class='ocrx_word' id='word_1_158' title='bbox 612 2265 662 2316; x_wconf 84' lang='grc' dir='ltr'>τις</span> <span class='ocrx_word' id='word_1_159' title='bbox 685 2239 825 2314; x_wconf 65' lang='lat' dir='ltr'>ebroicae</span> <span class='ocrx_word' id='word_1_160' title='bbox 846 2250 903 2304; x_wconf 88' lang='lat' dir='ltr'>etc.</span> 
     </span>
    </p>

    <p class='ocr_par' dir='ltr' id='par_1_6' title="bbox 295 2339 514 2423">
     <span class='ocr_line' id='line_1_20' title="bbox 295 2339 514 2423; baseline 0.005 -21"><span class='ocrx_word' id='word_1_161' title='bbox 295 2360 337 2402; x_wconf 89' lang='lat' dir='ltr'>vv.</span> <span class='ocrx_word' id='word_1_162' title='bbox 358 2339 514 2423; x_wconf 83' lang='lat' dir='ltr'>1534sqq.</span> 
     </span>
    </p>

    <p class='ocr_par' dir='ltr' id='par_1_7' title="bbox 310 2446 1124 2538">
     <span class='ocr_line' id='line_1_21' title="bbox 310 2446 1124 2538; baseline 0.002 -24"><span class='ocrx_word' id='word_1_163' title='bbox 310 2453 469 2538; x_wconf 74' lang='grc' dir='ltr'><strong><em>σπαρτῶν</em></strong></span> <span class='ocrx_word' id='word_1_164' title='bbox 491 2446 552 2516; x_wconf 81' lang='grc' dir='ltr'>ἀπ’</span> <span class='ocrx_word' id='word_1_165' title='bbox 575 2449 717 2536; x_wconf 77' lang='grc' dir='ltr'><em>ἀνδρῶν·</em></span> <span class='ocrx_word' id='word_1_166' title='bbox 741 2449 776 2514; x_wconf 76' lang='grc' dir='ltr'>αἱ</span> <span class='ocrx_word' id='word_1_167' title='bbox 800 2450 837 2514; x_wconf 77' lang='grc' dir='ltr'>δὲ</span> <span class='ocrx_word' id='word_1_168' title='bbox 859 2454 975 2535; x_wconf 82' lang='grc' dir='ltr'><strong><em>μορίαι</em></strong></span> <span class='ocrx_word' id='word_1_169' title='bbox 1001 2448 1124 2527; x_wconf 81' lang='grc' dir='ltr'><strong><em>πόλεις,</em></strong></span> 
     </span>
    </p>

    <p class='ocr_par' dir='ltr' id='par_1_8' title="bbox 309 2544 1003 2639">
     <span class='ocr_line' id='line_1_22' title="bbox 309 2544 1003 2639; baseline 0 -27"><span class='ocrx_word' id='word_1_170' title='bbox 309 2544 374 2614; x_wconf 74' lang='grc' dir='ltr'>κοῖν</span> <span class='ocrx_word' id='word_1_171' title='bbox 396 2545 432 2614; x_wconf 81' lang='grc' dir='ltr'>εὖ</span> <span class='ocrx_word' id='word_1_172' title='bbox 454 2573 502 2624; x_wconf 81' lang='grc' dir='ltr'>τις</span> <span class='ocrx_word' id='word_1_173' title='bbox 525 2553 611 2639; x_wconf 77' lang='grc' dir='ltr'><strong><em>οἰκῇ,</em></strong></span> <span class='ocrx_word' id='word_1_174' title='bbox 636 2549 759 2636; x_wconf 80' lang='grc' dir='ltr'><em>ῥᾳδίως</em></span> <span class='ocrx_word' id='word_1_175' title='bbox 782 2549 1003 2632; x_wconf 68' lang='grc' dir='ltr'><strong>καθύβρισαν.</strong></span> 
     </span>
    </p>

    <p class='ocr_par' dir='ltr' id='par_1_9' title="bbox 308 2643 1060 2734">
     <span class='ocr_line' id='line_1_23' title="bbox 308 2643 1060 2734; baseline 0.004 -23"><span class='ocrx_word' id='word_1_176' title='bbox 308 2649 387 2712; x_wconf 66' lang='grc'><strong>11111</strong></span> <span class='ocrx_word' id='word_1_177' title='bbox 410 2649 471 2734; x_wconf 75' lang='grc' dir='ltr'>γὰρ</span> <span class='ocrx_word' id='word_1_178' title='bbox 495 2645 530 2712; x_wconf 83' lang='grc' dir='ltr'>εὖ</span> <span class='ocrx_word' id='word_1_179' title='bbox 552 2647 621 2733; x_wconf 81' lang='grc' dir='ltr'>μέν,</span> <span class='ocrx_word' id='word_1_180' title='bbox 645 2645 711 2734; x_wconf 81' lang='grc' dir='ltr'>ὀψὲ</span> <span class='ocrx_word' id='word_1_181' title='bbox 733 2647 766 2714; x_wconf 81' lang='lat' dir='ltr'>d&#39;</span> <span class='ocrx_word' id='word_1_182' title='bbox 791 2645 956 2733; x_wconf 79' lang='lat' dir='ltr'>elaoqaia’,</span> <span class='ocrx_word' id='word_1_183' title='bbox 981 2643 1060 2714; x_wconf 78' lang='grc' dir='ltr'>ὅταν</span> 
     </span>
    </p>

    <p class='ocr_par' dir='ltr' id='par_1_10' title="bbox 308 2745 1102 2834">
     <span class='ocr_line' id='line_1_24' title="bbox 308 2745 1102 2834; baseline 0.001 -24"><span class='ocrx_word' id='word_1_184' title='bbox 308 2747 351 2810; x_wconf 86' lang='grc' dir='ltr'>τὰ</span> <span class='ocrx_word' id='word_1_185' title='bbox 372 2745 443 2810; x_wconf 75' lang='grc' dir='ltr'>θεῖ’</span> <span class='ocrx_word' id='word_1_186' title='bbox 467 2745 565 2833; x_wconf 77' lang='grc' dir='ltr'><em>ἀφείς</em></span> <span class='ocrx_word' id='word_1_187' title='bbox 587 2773 637 2822; x_wconf 78' lang='grc' dir='ltr'>τις</span> <span class='ocrx_word' id='word_1_188' title='bbox 660 2747 692 2822; x_wconf 76' lang='grc' dir='ltr'>ἐς</span> <span class='ocrx_word' id='word_1_189' title='bbox 714 2748 751 2812; x_wconf 84' lang='lat' dir='ltr'>ad</span> <span class='ocrx_word' id='word_1_190' title='bbox 775 2751 960 2831; x_wconf 65' lang='lat' dir='ltr'>potiremini</span> <span class='ocrx_word' id='word_1_191' title='bbox 983 2749 1102 2834; x_wconf 80' lang='grc' dir='ltr'><strong>τραπῇ.</strong></span> 
     </span>
    </p>

    <p class='ocr_par' dir='ltr' id='par_1_11' title="bbox 310 2843 1082 2930">
     <span class='ocr_line' id='line_1_25' title="bbox 310 2843 1082 2930; baseline -0.003 -20"><span class='ocrx_word' id='word_1_192' title='bbox 310 2843 328 2910; x_wconf 80' lang='grc' dir='ltr'><em>ὃ</em></span> <span class='ocrx_word' id='word_1_193' title='bbox 351 2843 395 2930; x_wconf 75' lang='grc' dir='ltr'>μή</span> <span class='ocrx_word' id='word_1_194' title='bbox 419 2844 471 2922; x_wconf 79' lang='grc' dir='ltr'>σύ,</span> <span class='ocrx_word' id='word_1_195' title='bbox 495 2850 607 2912; x_wconf 81' lang='grc' dir='ltr'><strong><em>τέκνον</em></strong></span> <span class='ocrx_word' id='word_1_196' title='bbox 635 2848 775 2925; x_wconf 78' lang='grc' dir='ltr'><strong><em>Αἰγέως,</em></strong></span> <span class='ocrx_word' id='word_1_197' title='bbox 799 2845 920 2928; x_wconf 80' lang='grc' dir='ltr'><strong><em>βούλου</em></strong></span> <span class='ocrx_word' id='word_1_198' title='bbox 944 2849 1082 2910; x_wconf 73' lang='grc' dir='ltr'><strong>παθεῖν.</strong></span> 
     </span>
    </p>

    <p class='ocr_par' dir='ltr' id='par_1_12' title="bbox 310 2941 1061 3028">
     <span class='ocr_line' id='line_1_26' title="bbox 310 2941 1061 3028; baseline 0.003 -22"><span class='ocrx_word' id='word_1_199' title='bbox 310 2944 352 3007; x_wconf 81' lang='grc' dir='ltr'>τὰ</span> <span class='ocrx_word' id='word_1_200' title='bbox 373 2945 434 3028; x_wconf 77' lang='grc' dir='ltr'>μὲν</span> <span class='ocrx_word' id='word_1_201' title='bbox 456 2942 582 3009; x_wconf 75' lang='grc' dir='ltr'><strong><em>τοιαῦτ’</em></strong></span> <span class='ocrx_word' id='word_1_202' title='bbox 606 2941 663 3008; x_wconf 80' lang='grc' dir='ltr'>οὖν</span> <span class='ocrx_word' id='word_1_203' title='bbox 685 2943 786 3009; x_wconf 76' lang='grc' dir='ltr'><em>εἰδότ’</em></span> <span class='ocrx_word' id='word_1_204' title='bbox 811 2941 1061 3028; x_wconf 76' lang='grc' dir='ltr'><strong><em>ἒκδιδοίσκομεν.</em></strong></span> 
     </span>
    </p>
   </div>
   <div class='ocr_carea' id='block_1_5' title="bbox 209 3074 1438 4442">
    <p class='ocr_par' dir='ltr' id='par_1_13' title="bbox 209 3074 1438 4442">
     <span class='ocr_line' id='line_1_27' title="bbox 210 3074 1352 3158; baseline 0.001 -23"><span class='ocrx_word' id='word_1_205' title='bbox 210 3074 246 3135; x_wconf 93' lang='lat' dir='ltr'>Hi</span> <span class='ocrx_word' id='word_1_206' title='bbox 270 3093 371 3136; x_wconf 88' lang='lat' dir='ltr'>versus</span> <span class='ocrx_word' id='word_1_207' title='bbox 394 3077 464 3155; x_wconf 91' lang='lat' dir='ltr'>quid</span> <span class='ocrx_word' id='word_1_208' title='bbox 487 3077 541 3138; x_wconf 88' lang='lat' dir='ltr'>sibi</span> <span class='ocrx_word' id='word_1_209' title='bbox 568 3077 659 3138; x_wconf 89' lang='lat' dir='ltr'>velint</span> <span class='ocrx_word' id='word_1_210' title='bbox 691 3077 722 3138; x_wconf 93' lang='lat' dir='ltr'>in</span> <span class='ocrx_word' id='word_1_211' title='bbox 746 3078 963 3138; x_wconf 90' lang='lat' dir='ltr'>sententiarum</span> <span class='ocrx_word' id='word_1_212' title='bbox 996 3077 1072 3138; x_wconf 88' lang='lat' dir='ltr'>serie</span> <span class='ocrx_word' id='word_1_213' title='bbox 1107 3096 1167 3138; x_wconf 93' lang='lat' dir='ltr'>non</span> <span class='ocrx_word' id='word_1_214' title='bbox 1201 3094 1352 3158; x_wconf 90' lang='lat' dir='ltr'>assequor.</span> 
     </span>
     <span class='ocr_line' id='line_1_28' title="bbox 210 3173 1354 3256; baseline 0.003 -24"><span class='ocrx_word' id='word_1_215' title='bbox 210 3173 282 3234; x_wconf 91' lang='lat' dir='ltr'>Nam</span> <span class='ocrx_word' id='word_1_216' title='bbox 307 3173 437 3254; x_wconf 87' lang='lat' dir='ltr'>Oedipus</span> <span class='ocrx_word' id='word_1_217' title='bbox 461 3175 606 3236; x_wconf 90' lang='lat' dir='ltr'>aTheseo</span> <span class='ocrx_word' id='word_1_218' title='bbox 629 3176 792 3256; x_wconf 91' lang='lat' dir='ltr'>appellatus</span> <span class='ocrx_word' id='word_1_219' title='bbox 814 3185 848 3236; x_wconf 92' lang='lat' dir='ltr'>ut</span> <span class='ocrx_word' id='word_1_220' title='bbox 870 3175 962 3236; x_wconf 86' lang='lat' dir='ltr'>edicat</span> <span class='ocrx_word' id='word_1_221' title='bbox 987 3194 1060 3255; x_wconf 88' lang='lat' dir='ltr'>quae</span> <span class='ocrx_word' id='word_1_222' title='bbox 1084 3176 1144 3237; x_wconf 83' lang='lat' dir='ltr'>heri</span> <span class='ocrx_word' id='word_1_223' title='bbox 1168 3177 1246 3250; x_wconf 88' lang='lat' dir='ltr'>velit,</span> <span class='ocrx_word' id='word_1_224' title='bbox 1270 3184 1354 3256; x_wconf 91' lang='lat' dir='ltr'>post-</span> 
     </span>
     <span class='ocr_line' id='line_1_29' title="bbox 211 3272 1353 3356; baseline 0.004 -25"><span class='ocrx_word' id='word_1_225' title='bbox 211 3290 298 3352; x_wconf 88' lang='lat' dir='ltr'>quam</span> <span class='ocrx_word' id='word_1_226' title='bbox 323 3272 404 3333; x_wconf 89' lang='grc'><strong>111111</strong></span> <span class='ocrx_word' id='word_1_227' title='bbox 429 3273 502 3334; x_wconf 90' lang='lat' dir='ltr'>duce</span> <span class='ocrx_word' id='word_1_228' title='bbox 529 3274 626 3334; x_wconf 91' lang='lat' dir='ltr'>locum</span> <span class='ocrx_word' id='word_1_229' title='bbox 658 3293 717 3352; x_wconf 91' lang='lat' dir='ltr'>quo</span> <span class='ocrx_word' id='word_1_230' title='bbox 740 3275 816 3334; x_wconf 93' lang='lat' dir='ltr'>mori</span> <span class='ocrx_word' id='word_1_231' title='bbox 839 3273 894 3334; x_wconf 92' lang='lat' dir='ltr'>sibi</span> <span class='ocrx_word' id='word_1_232' title='bbox 918 3274 1095 3336; x_wconf 90' lang='lat' dir='ltr'>destinatum</span> <span class='ocrx_word' id='word_1_233' title='bbox 1120 3275 1173 3348; x_wconf 83' lang='lat' dir='ltr'>sit,</span> <span class='ocrx_word' id='word_1_234' title='bbox 1203 3292 1353 3356; x_wconf 89' lang='lat' dir='ltr'>quemque</span> 
     </span>
     <span class='ocr_line' id='line_1_30' title="bbox 211 3370 1352 3452; baseline 0.001 -21"><span class='ocrx_word' id='word_1_235' title='bbox 211 3370 292 3431; x_wconf 85' lang='lat' dir='ltr'>nefas</span> <span class='ocrx_word' id='word_1_236' title='bbox 315 3371 366 3432; x_wconf 95' lang='lat' dir='ltr'>ulli</span> <span class='ocrx_word' id='word_1_237' title='bbox 389 3370 501 3432; x_wconf 92' lang='lat' dir='ltr'>homini</span> <span class='ocrx_word' id='word_1_238' title='bbox 524 3371 670 3452; x_wconf 88' lang='lat' dir='ltr'>patefieri,</span> <span class='ocrx_word' id='word_1_239' title='bbox 698 3391 788 3451; x_wconf 92' lang='lat' dir='ltr'>quum</span> <span class='ocrx_word' id='word_1_240' title='bbox 813 3373 975 3432; x_wconf 85' lang='lat' dir='ltr'>multorum</span> <span class='ocrx_word' id='word_1_241' title='bbox 1001 3373 1125 3434; x_wconf 89' lang='lat' dir='ltr'>militum</span> <span class='ocrx_word' id='word_1_242' title='bbox 1155 3374 1216 3435; x_wconf 83' lang='lat' dir='ltr'>vice</span> <span class='ocrx_word' id='word_1_243' title='bbox 1243 3383 1352 3435; x_wconf 89' lang='lat' dir='ltr'>terram</span> 
     </span>
     <span class='ocr_line' id='line_1_31' title="bbox 210 3469 1353 3550; baseline 0.002 -20"><span class='ocrx_word' id='word_1_244' title='bbox 210 3469 335 3530; x_wconf 75' lang='lat' dir='ltr'>Atticam</span> <span class='ocrx_word' id='word_1_245' title='bbox 359 3470 394 3531; x_wconf 89' lang='lat' dir='ltr'>ab</span> <span class='ocrx_word' id='word_1_246' title='bbox 417 3469 551 3532; x_wconf 86' lang='lat' dir='ltr'>hostibus</span> <span class='ocrx_word' id='word_1_247' title='bbox 571 3469 719 3541; x_wconf 83' lang='lat' dir='ltr'>defendat,</span> <span class='ocrx_word' id='word_1_248' title='bbox 742 3489 773 3531; x_wconf 91' lang='lat' dir='ltr'>se</span> <span class='ocrx_word' id='word_1_249' title='bbox 796 3489 861 3531; x_wconf 89' lang='lat' dir='ltr'>esse</span> <span class='ocrx_word' id='word_1_250' title='bbox 884 3478 1071 3550; x_wconf 89' lang='lat' dir='ltr'>reperturum</span> <span class='ocrx_word' id='word_1_251' title='bbox 1096 3472 1197 3534; x_wconf 92' lang='lat' dir='ltr'>docuit</span> <span class='ocrx_word' id='word_1_252' title='bbox 1220 3470 1353 3532; x_wconf 88' lang='lat' dir='ltr'>versibus</span> 
     </span>
     <span class='ocr_line' id='line_1_32' title="bbox 213 3567 1353 3653; baseline 0.002 -25"><span class='ocrx_word' id='word_1_253' title='bbox 213 3567 431 3644; x_wconf 72' lang='lat' dir='ltr'>tart-1525,</span> <span class='ocrx_word' id='word_1_254' title='bbox 455 3569 498 3630; x_wconf 91' lang='lat' dir='ltr'>sic</span> <span class='ocrx_word' id='word_1_255' title='bbox 512 3569 622 3649; x_wconf 82' lang='lat' dir='ltr'>pergit:</span> <span class='ocrx_word' id='word_1_256' title='bbox 647 3569 737 3652; x_wconf 88' lang='lat' dir='ltr'>‘quod</span> <span class='ocrx_word' id='word_1_257' title='bbox 758 3579 853 3631; x_wconf 87' lang='lat' dir='ltr'>autem</span> <span class='ocrx_word' id='word_1_258' title='bbox 875 3570 958 3650; x_wconf 72' lang='lat' dir='ltr'>nefas</span> <span class='ocrx_word' id='word_1_259' title='bbox 981 3569 1056 3632; x_wconf 86' lang='lat' dir='ltr'>dicta</span> <span class='ocrx_word' id='word_1_260' title='bbox 1077 3581 1118 3634; x_wconf 88' lang='lat' dir='ltr'>est</span> <span class='ocrx_word' id='word_1_261' title='bbox 1139 3575 1196 3653; x_wconf 86' lang='lat' dir='ltr'>ipse</span> <span class='ocrx_word' id='word_1_262' title='bbox 1218 3588 1262 3631; x_wconf 86' lang='lat' dir='ltr'>me</span> <span class='ocrx_word' id='word_1_263' title='bbox 1284 3569 1353 3630; x_wconf 77' lang='lat' dir='ltr'>illua</span> 
     </span>
     <span class='ocr_line' id='line_1_33' title="bbox 211 3668 1351 3750; baseline 0 -21"><span class='ocrx_word' id='word_1_264' title='bbox 211 3672 368 3740; x_wconf 80' lang='lat' dir='ltr'>comitatus,</span> <span class='ocrx_word' id='word_1_265' title='bbox 403 3687 489 3750; x_wconf 87' lang='lat' dir='ltr'>quum</span> <span class='ocrx_word' id='word_1_266' title='bbox 510 3671 621 3730; x_wconf 84' lang='lat' dir='ltr'>uenta&#39;ut&#39;</span> <span class='ocrx_word' id='word_1_267' title='bbox 641 3674 695 3732; x_wconf 87' lang='lat' dir='ltr'>ciui</span> <span class='ocrx_word' id='word_1_268' title='bbox 714 3689 749 3732; x_wconf 88' lang='lat' dir='ltr'>ue</span> <span class='ocrx_word' id='word_1_269' title='bbox 778 3668 873 3731; x_wconf 85' lang='lat' dir='ltr'>liberis</span> <span class='ocrx_word' id='word_1_270' title='bbox 894 3669 1007 3750; x_wconf 85' lang='lat' dir='ltr'>quidem</span> <span class='ocrx_word' id='word_1_271' title='bbox 1034 3673 1189 3733; x_wconf 74' lang='lat' dir='ltr'>carissimis</span> <span class='ocrx_word' id='word_1_272' title='bbox 1215 3671 1351 3750; x_wconf 83' lang='lat' dir='ltr'>aperiam,</span> 
     </span>
     <span class='ocr_line' id='line_1_34' title="bbox 210 3766 1351 3848; baseline -0.001 -20"><span class='ocrx_word' id='word_1_273' title='bbox 210 3767 287 3829; x_wconf 88' lang='lat' dir='ltr'>solus</span> <span class='ocrx_word' id='word_1_274' title='bbox 310 3783 464 3848; x_wconf 80' lang='lat' dir='ltr'>coqeosces.</span> <span class='ocrx_word' id='word_1_275' title='bbox 513 3766 553 3828; x_wconf 90' lang='lat' dir='ltr'>Tu</span> <span class='ocrx_word' id='word_1_276' title='bbox 576 3785 642 3829; x_wconf 85' lang='lat' dir='ltr'>vero</span> <span class='ocrx_word' id='word_1_277' title='bbox 669 3768 719 3829; x_wconf 89' lang='lat' dir='ltr'>boc</span> <span class='ocrx_word' id='word_1_278' title='bbox 748 3785 859 3848; x_wconf 82' lang='lat' dir='ltr'>semper</span> <span class='ocrx_word' id='word_1_279' title='bbox 884 3785 977 3828; x_wconf 81' lang='lat' dir='ltr'>seruet</span> <span class='ocrx_word' id='word_1_280' title='bbox 1004 3780 1029 3830; x_wconf 92' lang='lat' dir='ltr'>et</span> <span class='ocrx_word' id='word_1_281' title='bbox 1057 3774 1215 3832; x_wconf 83' lang='lat' dir='ltr'>moraturus</span> <span class='ocrx_word' id='word_1_282' title='bbox 1238 3769 1351 3830; x_wconf 85' lang='lat' dir='ltr'>deatum</span> 
     </span>
     <span class='ocr_line' id='line_1_35' title="bbox 209 3865 1352 3948; baseline 0.002 -22"><span class='ocrx_word' id='word_1_283' title='bbox 209 3865 269 3948; x_wconf 78' lang='lat' dir='ltr'>filio</span> <span class='ocrx_word' id='word_1_284' title='bbox 293 3867 402 3948; x_wconf 79' lang='lat' dir='ltr'>deteqas</span> <span class='ocrx_word' id='word_1_285' title='bbox 431 3876 502 3928; x_wconf 86' lang='lat' dir='ltr'>ectu</span> <span class='ocrx_word' id='word_1_286' title='bbox 524 3869 666 3937; x_wconf 75' lang='lat' dir='ltr'>marimo,</span> <span class='ocrx_word' id='word_1_287' title='bbox 694 3871 742 3946; x_wconf 88' lang='lat' dir='ltr'>qui</span> <span class='ocrx_word' id='word_1_288' title='bbox 766 3866 924 3928; x_wconf 78' lang='lat' dir='ltr'>succedenti</span> <span class='ocrx_word' id='word_1_289' title='bbox 954 3866 1035 3929; x_wconf 84' lang='lat' dir='ltr'>dicat.</span> <span class='ocrx_word' id='word_1_290' title='bbox 1080 3865 1126 3928; x_wconf 89' lang='lat' dir='ltr'>lta</span> <span class='ocrx_word' id='word_1_291' title='bbox 1152 3868 1225 3929; x_wconf 85' lang='lat' dir='ltr'>hauc</span> <span class='ocrx_word' id='word_1_292' title='bbox 1254 3867 1352 3928; x_wconf 87' lang='lat' dir='ltr'>urbem</span> 
     </span>
     <span class='ocr_line' id='line_1_36' title="bbox 209 3961 1351 4044; baseline 0 -18"><span class='ocrx_word' id='word_1_293' title='bbox 209 3965 348 4028; x_wconf 79' lang='lat' dir='ltr'>habitabis</span> <span class='ocrx_word' id='word_1_294' title='bbox 362 3965 532 4026; x_wconf 83' lang='lat' dir='ltr'>incolumem</span> <span class='ocrx_word' id='word_1_295' title='bbox 546 3974 573 4027; x_wconf 91' lang='lat' dir='ltr'>et</span> <span class='ocrx_word' id='word_1_296' title='bbox 587 3961 741 4035; x_wconf 85' lang='lat' dir='ltr'>securam&#39;,</span> <span class='ocrx_word' id='word_1_297' title='bbox 764 3985 809 4026; x_wconf 86' lang='lat' dir='ltr'>vv.</span> <span class='ocrx_word' id='word_1_298' title='bbox 829 3963 1009 4027; x_wconf 80' lang='lat'><strong>1526-33.</strong></span> <span class='ocrx_word' id='word_1_299' title='bbox 1043 3965 1215 4044; x_wconf 87' lang='lat' dir='ltr'>Sequuntur</span> <span class='ocrx_word' id='word_1_300' title='bbox 1238 3984 1351 4037; x_wconf 76' lang='lat' dir='ltr'>versus,</span> 
     </span>
     <span class='ocr_line' id='line_1_37' title="bbox 211 4063 1352 4145; baseline 0.001 -19"><span class='ocrx_word' id='word_1_301' title='bbox 211 4084 284 4145; x_wconf 91' lang='lat' dir='ltr'>quos</span> <span class='ocrx_word' id='word_1_302' title='bbox 300 4082 387 4145; x_wconf 89' lang='lat' dir='ltr'>supra</span> <span class='ocrx_word' id='word_1_303' title='bbox 404 4063 620 4135; x_wconf 87' lang='lat' dir='ltr'>collocavimus,</span> <span class='ocrx_word' id='word_1_304' title='bbox 637 4063 744 4144; x_wconf 92' lang='lat' dir='ltr'>quihus</span> <span class='ocrx_word' id='word_1_305' title='bbox 760 4065 921 4126; x_wconf 84' lang='lat' dir='ltr'>nomadum</span> <span class='ocrx_word' id='word_1_306' title='bbox 938 4065 1134 4143; x_wconf 89' lang='lat' dir='ltr'>interpretum</span> <span class='ocrx_word' id='word_1_307' title='bbox 1147 4081 1208 4125; x_wconf 93' lang='lat' dir='ltr'>non</span> <span class='ocrx_word' id='word_1_308' title='bbox 1221 4065 1352 4127; x_wconf 78' lang='lat' dir='ltr'>offensus</span> 
     </span>
     <span class='ocr_line' id='line_1_38' title="bbox 211 4161 1438 4244; baseline 0 -20"><span class='ocrx_word' id='word_1_309' title='bbox 211 4173 264 4226; x_wconf 88' lang='lat' dir='ltr'>est.</span> <span class='ocrx_word' id='word_1_310' title='bbox 309 4163 367 4236; x_wconf 88' lang='lat' dir='ltr'>Qui</span> <span class='ocrx_word' id='word_1_311' title='bbox 394 4169 537 4243; x_wconf 90' lang='lat' dir='ltr'>quantum</span> <span class='ocrx_word' id='word_1_312' title='bbox 565 4171 691 4242; x_wconf 88' lang='lat' dir='ltr'>possunt</span> <span class='ocrx_word' id='word_1_313' title='bbox 719 4163 754 4223; x_wconf 94' lang='lat' dir='ltr'>ad</span> <span class='ocrx_word' id='word_1_314' title='bbox 787 4163 908 4226; x_wconf 91' lang='lat' dir='ltr'>verbum</span> <span class='ocrx_word' id='word_1_315' title='bbox 939 4163 1027 4224; x_wconf 91' lang='lat' dir='ltr'>latine</span> <span class='ocrx_word' id='word_1_316' title='bbox 1055 4161 1162 4222; x_wconf 92' lang='lat' dir='ltr'>redditi</span> <span class='ocrx_word' id='word_1_317' title='bbox 1190 4163 1262 4224; x_wconf 90' lang='lat' dir='ltr'>nihil</span> <span class='ocrx_word' id='word_1_318' title='bbox 1289 4163 1352 4224; x_wconf 87' lang='lat' dir='ltr'>fere</span> <span class='ocrx_word' id='word_1_319' title='bbox 1434 4233 1438 4244; x_wconf 30' lang='lat'><em>¹</em></span> 
     </span>
     <span class='ocr_line' id='line_1_39' title="bbox 210 4260 1353 4342; baseline 0 -18"><span class='ocrx_word' id='word_1_320' title='bbox 210 4263 287 4324; x_wconf 90' lang='lat' dir='ltr'>aliud</span> <span class='ocrx_word' id='word_1_321' title='bbox 311 4262 473 4341; x_wconf 83' lang='lat' dir='ltr'>significare</span> <span class='ocrx_word' id='word_1_322' title='bbox 496 4260 632 4324; x_wconf 91' lang='lat' dir='ltr'>videntur</span> <span class='ocrx_word' id='word_1_323' title='bbox 655 4280 759 4342; x_wconf 90' lang='lat' dir='ltr'>qnam:</span> <span class='ocrx_word' id='word_1_324' title='bbox 789 4261 858 4324; x_wconf 89' lang='lat' dir='ltr'>‘Sed</span> <span class='ocrx_word' id='word_1_325' title='bbox 882 4262 1027 4342; x_wconf 78' lang='lat' dir='ltr'>ptartmae</span> <span class='ocrx_word' id='word_1_326' title='bbox 1055 4263 1179 4322; x_wconf 70' lang='lat' dir='ltr'>civitatee</span> <span class='ocrx_word' id='word_1_327' title='bbox 1205 4264 1258 4328; x_wconf 81' lang='lat' dir='ltr'>etsi</span> <span class='ocrx_word' id='word_1_328' title='bbox 1285 4263 1353 4324; x_wconf 83' lang='lat' dir='ltr'>hatte</span> 
     </span>
     <span class='ocr_line' id='line_1_40' title="bbox 211 4358 1354 4442; baseline -0.005 -16"><span class='ocrx_word' id='word_1_329' title='bbox 211 4363 451 4426; x_wconf 80' lang='lat' dir='ltr'>atmtataraatar</span> <span class='ocrx_word' id='word_1_330' title='bbox 472 4358 557 4440; x_wconf 78' lang='lat' dir='ltr'>faede</span> <span class='ocrx_word' id='word_1_331' title='bbox 575 4379 629 4440; x_wconf 86' lang='lat' dir='ltr'>per</span> <span class='ocrx_word' id='word_1_332' title='bbox 650 4365 707 4422; x_wconf 84' lang='lat' dir='ltr'>aim</span> <span class='ocrx_word' id='word_1_333' title='bbox 734 4373 831 4441; x_wconf 79' lang='lat' dir='ltr'>cqaut.</span> <span class='ocrx_word' id='word_1_334' title='bbox 876 4361 926 4423; x_wconf 85' lang='lat' dir='ltr'>Dii</span> <span class='ocrx_word' id='word_1_335' title='bbox 949 4365 1026 4424; x_wconf 81' lang='lat' dir='ltr'>euim</span> <span class='ocrx_word' id='word_1_336' title='bbox 1052 4363 1123 4422; x_wconf 85' lang='lat' dir='ltr'>iuste</span> <span class='ocrx_word' id='word_1_337' title='bbox 1152 4361 1279 4442; x_wconf 82' lang='lat' dir='ltr'>quidem,</span> <span class='ocrx_word' id='word_1_338' title='bbox 1306 4359 1354 4424; x_wconf 87' lang='lat' dir='ltr'>sed</span> 
     </span>
    </p>
   </div>
   <div class='ocr_carea' id='block_1_6' title="bbox 211 4459 1354 4615">
    <p class='ocr_par' dir='ltr' id='par_1_14' title="bbox 211 4459 1354 4615">
     <span class='ocr_line' id='line_1_41' title="bbox 211 4459 1354 4541; baseline -0.004 -18"><span class='ocrx_word' id='word_1_339' title='bbox 211 4461 293 4523; x_wconf 87' lang='lat' dir='ltr'>tarde</span> <span class='ocrx_word' id='word_1_340' title='bbox 312 4463 437 4541; x_wconf 74' lang='lat' dir='ltr'>poenieat</span> <span class='ocrx_word' id='word_1_341' title='bbox 457 4475 503 4520; x_wconf 85' lang='lat' dir='ltr'>eos</span> <span class='ocrx_word' id='word_1_342' title='bbox 518 4461 568 4538; x_wconf 88' lang='lat' dir='ltr'>qui</span> <span class='ocrx_word' id='word_1_343' title='bbox 581 4463 744 4539; x_wconf 80' lang='lat' dir='ltr'>cordemptis</span> <span class='ocrx_word' id='word_1_344' title='bbox 759 4461 863 4521; x_wconf 84' lang='lat' dir='ltr'>divinis</span> <span class='ocrx_word' id='word_1_345' title='bbox 885 4459 923 4520; x_wconf 94' lang='lat' dir='ltr'>ad</span> <span class='ocrx_word' id='word_1_346' title='bbox 936 4460 1069 4538; x_wconf 81' lang='lat' dir='ltr'>furorem</span> <span class='ocrx_word' id='word_1_347' title='bbox 1087 4468 1255 4532; x_wconf 63' lang='lat' dir='ltr'>certantum</span> <span class='ocrx_word' id='word_1_348' title='bbox 1278 4459 1354 4538; x_wconf 89' lang='lat' dir='ltr'>quad</span> 
     </span>
     <span class='ocr_line' id='line_1_42' title="bbox 263 4556 1194 4615; baseline -0.003 -13"><span class='ocrx_word' id='word_1_349' title='bbox 263 4558 403 4608; x_wconf 85' lang='lat' dir='ltr'>Mueller,</span> <span class='ocrx_word' id='word_1_350' title='bbox 417 4556 558 4615; x_wconf 81' lang='lat' dir='ltr'>Sophocles.</span> <span class='ocrx_word' id='word_1_351' title='bbox 1178 4562 1194 4612; x_wconf 76' lang='grc'><strong>4</strong></span> 
     </span>
    </p>
   </div>
   <div class='ocr_carea' id='block_1_7' title="bbox 0 0 1641 5084">
    <p class='ocr_par' dir='ltr' id='par_1_15' title="bbox 0 0 1641 5084">
     <span class='ocr_line' id='line_1_43' title="bbox 0 0 1641 5084; baseline 0 0"><span class='ocrx_word' id='word_1_352' title='bbox 0 0 1641 5084; x_wconf 95' lang='lat' dir='ltr'> </span> 
     </span>
    </p>
   </div>
  </div>
 </body>
</html>
