3266 5084
745 355 965 418 ..,ηη.ι

282 539 502 612 pretamantum
536 549 601 593 esse
634 531 747 612 antiqui
778 531 859 593 verbi
881 542 995 612 poetae,
1026 533 1104 612 quod
1131 533 1228 612 primo
1252 529 1348 594 verbis
1371 531 1423 590 ad-

282 629 425 710 scriptum
454 631 499 693 rel
526 630 750 710 interscriptum
779 639 847 710 post
873 631 904 692 in
929 630 1086 693 verborum
1115 637 1287 692 contextum
1310 629 1422 690 illatum

281 735 336 790 ast.
379 729 467 791 Facili
490 730 580 808 igitur
603 729 766 792 mutatione
787 729 944 791 Triclinius
970 731 1043 802 νέος
1067 729 1286 792 restituendum
1309 727 1423 801 statuit,

282 828 334 889 sed
366 828 424 889 hoc
454 828 630 890 adiectivum
662 845 756 908 quum
787 827 993 908 responsionis
1025 828 1138 907 legibus
1170 845 1225 906 per
1260 826 1423 908 syniaesem

282 945 370 1007 quum
404 936 511 988 vocant
544 927 799 1006 pronuntiandum
823 927 873 999 sit,
907 927 938 988 in
968 927 1045 988 thesi
1072 927 1203 1007 positum
1235 925 1314 987 nulla
1341 925 1368 986 vi
1391 944 1424 987 ac

281 1025 422 1104 gravitate
450 1025 547 1086 verbis
579 1018 665 1108 γήρᾳ
693 1027 865 1108 σημαίνων
895 1026 1064 1107 opponitur.
1110 1027 1176 1099 Quo
1203 1024 1315 1086 accedit
1343 1024 1423 1104 quod

281 1123 338 1184 adi.
360 1125 432 1196 νέος
455 1141 574 1204 semper
596 1123 632 1186 ab
655 1123 795 1186 omnibus
817 1124 869 1204 qui
893 1123 1002 1186 Grascs
1023 1124 1222 1204 loquebantur
1249 1131 1310 1184 tam
1339 1121 1443 1184 lacilev

281 1221 514 1301 intellegebatur,
549 1229 581 1283 ut
614 1239 704 1283 nemo
737 1223 766 1284 id
800 1241 852 1302 per
881 1218 997 1304 νεαρός
1019 1223 1163 1302 explicare
1185 1221 1318 1283 voluerit.
1362 1219 1423 1282 lllla

281 1319 369 1399 igitur
392 1321 562 1382 emendatio
591 1321 779 1401 excogitanda
807 1329 860 1382 est.
907 1322 965 1384 Sed
996 1322 1105 1384 mirum
1134 1339 1253 1402 qnoque
1276 1329 1321 1382 est
1344 1320 1422 1400 quod

280 1419 457 1497 pronomine
494 1426 601 1480 neutm
637 1414 675 1480 τό
712 1420 747 1482 ad
786 1412 913 1500 φύλλον
948 1419 1090 1494 refertur,
1127 1437 1218 1501 quum
1256 1428 1356 1481 tamen
1392 1418 1424 1479 in

280 1516 415 1596 proxime
448 1517 644 1597 sequentibus
678 1517 714 1578 de
746 1518 820 1580 oliva
854 1519 916 1598 ipsa
951 1520 1049 1599 potius
1078 1537 1166 1598 quam
1195 1518 1231 1578 ds
1260 1517 1324 1579 eius
1350 1516 1422 1578 lulio

281 1615 368 1677 verba
390 1610 528 1678 ἀλιώσω
550 1614 621 1695 χερὶ
644 1617 769 1698 πέρσας
790 1618 1007 1697 praedicentur.
1052 1619 1126 1682 Tum
1150 1633 1317 1700 pronomen
1339 1616 1422 1677 inde-

280 1714 397 1777 finitum
424 1716 475 1787 τίς
501 1734 555 1795 per
581 1716 853 1794 transgressionem
879 1717 1027 1798 quandam
1050 1717 1097 1780 hic
1119 1716 1251 1796 positum
1274 1725 1321 1778 ast
1343 1723 1423 1777 tanta

282 1813 307 1874 vi
332 1833 364 1876 ac
393 1815 541 1894 gravitate,
578 1824 611 1876 ut
644 1814 730 1876 verba
764 1817 877 1878 tradita.
906 1817 1047 1880 vertenda
1080 1817 1156 1880 siut:
1195 1815 1278 1898 ‘qood
1310 1816 1423 1898 quidem

281 1916 427 1994 quisquam
457 1931 544 1993 oeque
571 1917 679 1975 toccula
701 1933 789 1994 oeque
810 1933 898 1978 aeaco
924 1919 1081 1996 imperator
1102 1912 1284 1994 eastioqnct'.
1325 1913 1422 1986 Quam

247 2065 253 2075 .
280 2011 462 2072 sententiam
503 2013 534 2074 in
573 2022 745 2076 contextum
783 2031 844 2076 nou
888 2015 1034 2094 quadrare
1070 2033 1123 2095 per
1158 2033 1190 2076 se
1233 2013 1421 2093 intellegitur.

281 2107 502 2172 Tantummodo
526 2110 606 2172 enim
629 2111 807 2192 requiritur:
843 2121 954 2194 qoam,
977 2113 1039 2176 scil.
1064 2113 1180 2188 olivam,
1202 2133 1291 2196 aeque
1313 2115 1423 2176 lucerua

278 2227 367 2288 acque
388 2228 476 2272 socon
497 2213 651 2290 imperator
673 2209 855 2292 castinqacet’.
893 2211 987 2276 Facile
1009 2212 1099 2292 igitur
1114 2212 1247 2276 Triclinii
1270 2213 1423 2276 coniectu-

278 2324 341 2368 ram
369 2309 540 2388 probaveris
569 2329 585 2371 a
610 2310 739 2372 Nauclxio
766 2318 915 2392 receptam
946 2309 1017 2376 τὰν
1039 2307 1083 2374 οὔ
1105 2333 1176 2384 τις.
1221 2313 1303 2386 Quae
1333 2311 1422 2376 verba

279 2425 371 2486 quum
393 2409 596 2488 respondeant
618 2409 823 2488 antistrophao
845 2409 935 2474 verbo
958 2400 1141 2492 πρώτοισι,
1165 2410 1273 2472 desunt
1294 2410 1423 2492 syllabae

279 2505 411 2585 quinque
434 2515 602 2586 temporum
625 2515 654 2569 et
675 2507 715 2569 ita
738 2516 772 2568 ut
794 2507 869 2570 duae
896 2507 1000 2588 longae
1028 2517 1116 2588 atque
1140 2526 1197 2570 una
1221 2507 1320 2570 brevis
1343 2509 1421 2572 desi-

279 2604 431 2666 derentur.
485 2605 563 2678 Quas
603 2613 634 2668 ut
671 2607 801 2688 expleret
837 2606 914 2668 idem
949 2607 1063 2670 Ritschl
1096 2626 1124 2688 p.
1146 2607 1208 2668 Vlll
1246 2607 1420 2670 adiectivum

279 2695 419 2783 ἀκμαῖος
451 2703 579 2766 inseruit
612 2713 642 2766 et
675 2706 710 2766 ab
740 2705 810 2768 dllr.
843 2704 991 2769 Schoenic
1023 2723 1078 2784 pro
1111 2697 1197 2790 γήρᾳ
1233 2705 1421 2788 participium

182 2835 183 2840 κ
278 2796 379 2882 μηράς
411 2801 512 2866 aoristi
536 2802 618 2864 verbi
647 2798 800 2886 γηράσκω
831 2803 951 2884 recepit,
981 2821 1036 2883 pro
1065 2804 1220 2886 participio
1252 2800 1422 2888 σημαίνων

279 2899 496 2960 substantivum
520 2900 711 2964 Homericum
734 2897 909 2984 σημάνοωρ
937 2901 1100 2964 substituit.
1145 2904 1245 2978 ‘Quod
1269 2905 1349 2966 anim
1373 2923 1420 2966 re·

279 2998 408 3078 quiritur
429 2999 486 3060 hoc
508 3007 562 3072 est,
593 3019 654 3062 non
684 3007 715 3062 ut
737 3001 797 3062 sive
818 2999 933 3062 iuvenis
955 3001 1016 3062 sive
1042 3021 1130 3064 senex
1154 3003 1269 3064 dicatur
1290 3003 1340 3083 qui
1363 3003 1420 3063 im·

227 3173 229 3176 ¹
278 3105 373 3174 peret,
402 3098 453 3157 sed
481 3106 514 3159 ut
542 3099 706 3180 imperator
733 3100 795 3161 sive
825 3097 849 3161 is
875 3097 990 3161 iuvenis
1014 3107 1060 3162 est
1084 3109 1116 3162 ut
1136 3101 1193 3163 fuit
1214 3102 1337 3176 Xerxes,
1360 3101 1421 3163 sive

277 3211 368 3256 senex
393 3201 425 3255 nt
448 3195 642 3260 Archidamus
651 3197 666 3258 '.
711 3197 781 3277 Legi
803 3197 895 3276 igitur
916 3197 1005 3260 iussit
1087 3245 1088 3248 ,

378 3312 416 3377 τὸ
439 3309 499 3397 μέν
519 3339 570 3390 τις
591 3313 769 3401 ἀκμαῖος
792 3313 868 3378 οὔτε
888 3316 1004 3398 γηράς

379 3412 591 3499 σημάντωρ
614 3412 749 3480 diedesa
772 3413 842 3498 χερὶ
866 3411 1004 3495 πέρσας,

277 3569 353 3631 quae
381 3553 595 3634 interpretatus
623 3563 683 3616 est:
718 3555 813 3636 ‘quod
848 3555 908 3616 dux
942 3553 1041 3616 nullus
1071 3555 1201 3630 hostilis,
1235 3556 1295 3618 sive
1329 3557 1354 3618 is
1389 3565 1422 3618 ut

278 3649 389 3712 Xerxes
418 3651 581 3714 iuventutis
609 3652 716 3714 robure
745 3653 935 3734 superbiens,
964 3654 1025 3716 sive
1052 3661 1137 3714 exuta
1165 3653 1284 3716 iuvenili
1311 3654 1419 3716 lerocia

276 3749 426 3830 propriam
468 3752 629 3816 senectutis
662 3751 833 3832 gravitatem
866 3753 1133 3832 auctoritatemque
1177 3759 1354 3816 consecutus
1388 3761 1421 3814 nt

276 3848 470 3910 Archidamus
494 3869 625 3932 unquam
650 3849 839 3930 exstinguet'.
884 3853 928 3914 lld
952 3870 1041 3932 quem
1064 3869 1151 3912 usum
1175 3851 1230 3914 adi.
1277 3844 1420 3934 ἀκμαῖος

277 3945 337 4007 duo
360 3966 396 4008 ex
418 3948 560 4029 Aeschylo
583 3951 716 4032 exempla
740 3951 857 4012 confert
878 3949 961 4014 Pers.
977 3970 1003 4012 ν.
1020 3949 1087 4012 441.

378 4070 515 4151 Περσῶν
537 4063 677 4153 ὅσοιπερ
700 4063 786 4153 ἦσαν
808 4067 946 4153 ἀκμαῖοι
969 4066 1071 4152 φύσιν

278 4197 307 4249 at
329 4189 454 4252 Eumsn.
471 4211 496 4251 ν.
513 4193 575 4254 405
597 4189 716 4267 κώλοις
738 4187 894 4270 ἀκμαίοις
916 4185 1006 4254 τόνδ’
1030 4185 1222 4262 ἀποζεύξασ’
1246 4186 1332 4269 ὄχον.

362 4289 400 4350 dt
431 4284 518 4372 ἀκμή
551 4309 643 4371 quum
672 4291 791 4371 proprie
820 4307 991 4364 acumen,
1027 4297 1089 4351 tum
1124 4289 1230 4351 tralata
1264 4291 1420 4353 maturi·

277 4393 391 4450 tatem
425 4389 530 4450 aetatis
564 4389 684 4452 lloridae
705 4398 746 4450 vet
779 4387 920 4450 robustae
952 4388 1105 4468 significat,
1139 4405 1199 4449 aon
1230 4389 1418 4452 inventutem

277 4486 370 4566 ipsam
399 4506 451 4569 per
473 4509 514 4564 se,
537 4481 632 4572 ἥβην,
661 4487 806 4549 senectuti
837 4489 1013 4568 oppositam.
1065 4489 1165 4568 ltaque
1192 4487 1332 4550 adiectivo
1360 4483 1419 4549 ἀκ·
1463 4524 1465 4534 ›
