3266 5084
647 319 863 384 ..63..

183 499 289 558 ‘amaia
312 515 366 576 quo
389 497 523 566 amidam,
546 514 598 556 eae
620 514 674 576 quo
697 492 858 574 applicem?
880 495 1022 556 inclinato
1047 498 1148 564 iaceat,
1172 511 1243 574 qaue
1264 513 1329 554 me-

182 594 265 656 aima
294 604 387 666 teneo,
415 605 441 656 et
468 593 648 656 intolerando
675 593 802 672 afflictus
823 612 889 655 eom
909 591 997 674 foto'.
1042 593 1081 655 Ut
1104 592 1184 654 enim
1208 591 1324 653 Andro-

182 693 285 754 macha
307 691 442 754 Enniana
476 693 524 754 illa
558 691 724 754 miserrima
758 709 819 752 non
852 691 911 754 iam
945 692 1059 772 quaerit
1086 709 1144 770 quo
1167 711 1200 752 se
1223 699 1326 764 vertat,

184 792 234 852 sed
258 810 317 870 quo
338 792 458 861 accidat,
482 809 542 872 quo
565 789 698 870 applicet,
721 789 764 852 sic
786 791 882 852 Creon
906 791 969 871 pari
990 791 1109 854 fortuna
1133 809 1204 852 usus
1227 789 1328 852 eadem

185 890 336 952 exclamat.
381 892 477 971 Atque
501 897 534 951 ut
555 889 669 951 Ennius
692 889 808 951 Medeae
835 889 894 952 νῦν
915 899 979 952 ποῖ
1000 885 1178 973 τράπωμαι
1202 889 1238 951 ad
1260 907 1327 950 ver-

184 990 256 1052 hum
279 989 441 1063 transtulit,
470 989 512 1050 sio
534 989 622 1052 verba
646 992 723 1068 ‘qno
746 988 890 1063 accidam,
920 1009 979 1069 quo
1002 986 1160 1070 applicem’
1184 1008 1200 1049 e
1222 1006 1324 1067 graeco

184 1089 268 1150 fonte
295 1089 381 1150 ducta
409 1087 531 1168 recepit.
577 1087 658 1160 Quae
689 1107 706 1148 e
733 1087 879 1166 Sophocle
907 1096 1024 1168 sumpta
1055 1107 1120 1149 esse
1149 1104 1209 1147 non
1236 1085 1329 1148 haheo

185 1189 262 1268 quod
286 1207 400 1266 negem.
439 1183 480 1248 λα’
501 1194 599 1248 autem
615 1187 777 1266 respondet
800 1181 840 1248 iai
863 1206 965 1248 versus
979 1187 1133 1268 strophici.
1170 1185 1330 1266 Aptissima

185 1287 276 1366 igitur
297 1289 338 1350 illi
362 1296 516 1368 poetarum
540 1287 615 1348 mori
644 1287 675 1348 in
704 1287 918 1366 componendis
941 1287 1061 1349 canticis
1084 1285 1330 1348 convenientissi-

185 1405 267 1448 mum
284 1387 332 1448 hio
354 1395 399 1448 est
414 1387 543 1466 positum
559 1403 657 1467 neque
672 1387 795 1448 offendit
809 1385 924 1447 duobus
941 1385 1083 1447 memhris
1105 1385 1327 1465 interpositum.

186 1485 260 1546 Nam
275 1494 392 1565 praeter
416 1482 455 1546 lai
476 1505 519 1546 vs.
537 1485 679 1564 strophici
695 1486 732 1547 cl.
748 1485 790 1545 ni.
806 1504 832 1544 v.
849 1485 911 1546 394
928 1482 968 1545 λα’
984 1483 1111 1558 σκότος,
1134 1481 1218 1564 ἐμόν
1231 1479 1329 1564 φάος,

186 1583 298 1665 ἔρεβος
321 1577 346 1644 ὦ
372 1577 601 1666 φαεννότατον,
630 1587 699 1645 hut.
718 1603 744 1644 r.
762 1582 843 1645 1287
863 1585 940 1646 τίνα
961 1585 1079 1665 θροεῖς
1101 1576 1216 1660 λόγονς
1239 1581 1332 1642 atat

185 1673 324 1743 ὀλωλότ’
352 1677 475 1762 ἄνδρα,
508 1682 610 1764 Eurip.
633 1683 746 1744 Phoco.
770 1702 795 1744 v.
819 1681 900 1744 1288
930 1677 1070 1763 πότερον
1098 1676 1254 1763 αἱμάξει,
1286 1675 1332 1741 tal

185 1801 244 1862 μοι
267 1777 391 1852 πόνον,
414 1780 564 1842 Rossbach
587 1790 616 1844 et
640 1781 791 1861 Westphal
820 1782 916 1842 doctr.
940 1788 1027 1842 metr.
1050 1799 1142 1859 graec.
1165 1780 1191 1841 ll
1214 1800 1243 1860 p.
1259 1779 1331 1841 861.

187 1880 292 1940 Hiatus
321 1879 353 1940 in
376 1879 521 1941 dochmiis
545 1888 611 1942 octo
643 1889 813 1960 temporum
837 1889 959 1960 propter
981 1879 1131 1941 catalexim
1155 1879 1331 1952 admittitur,

188 1979 225 2040 ol.
240 1977 426 2040 Bramhaehii
442 1979 523 2040 stud.
539 1987 625 2040 metr.
643 1979 680 2040 ad
695 1979 831 2058 Sophool.
847 1998 877 2058 p.
894 1977 945 2038 61.
983 1979 1027 2039 hd
1047 1979 1229 2060 προσπέσοι
1253 1978 1332 2039 aori·

187 2086 266 2138 stum
289 2075 369 2138 verhi
392 2079 624 2156 προσπίτνειν,
652 2079 730 2158 quod
755 2087 801 2140 est
827 2077 970 2139 sollemne
993 2077 1175 2157 supplicandi
1199 2078 1331 2150 verbum,

188 2177 224 2237 cl.
239 2176 345 2238 Trach.
362 2195 387 2236 v.
404 2175 466 2236 904

287 2287 430 2370 βρνχᾶτο
452 2285 513 2370 μὲν
535 2290 681 2370 βωμοῖσι
705 2283 947 2371 raportrclraoou²

189 2399 244 2461 OC.
262 2400 405 2462 νι.1156
413 2418 479 2481 sqq.
503 2402 609 2482 φασίν
630 2395 697 2464 τιν’
713 2436 755 2444 -
770 2396 876 2483 ἄνδρα
890 2436 933 2444 -
949 2398 1185 2482 προσπεσόντα
1208 2422 1279 2474 πως

289 2513 389 2598 βωμῷ
412 2511 592 2596 καθῆσθαι
614 2512 660 2596 τῷ
685 2511 895 2586 Ποσειδῶνος
918 2549 968 2574 -.

191 2622 299 2687 Κλίνω
324 2627 358 2687 de
381 2643 505 2706 corpore
539 2625 709 2687 inclinando
743 2633 773 2688 et
794 2626 963 2708 applicando
995 2627 1109 2706 passive
1141 2633 1185 2688 est
1219 2625 1331 2687 dictum

186 2727 255 2786 Ant.
271 2744 295 2786 v.
317 2724 396 2787 1188
419 2720 524 2787 όπτία
547 2722 585 2786 δὲ
607 2721 762 2806 κλίνομαι
786 2734 815 2786 et
836 2725 941 2788 Traeh.
957 2745 981 2786 v.
1003 2725 1092 2790 1226.

274 2823 427 2886 Sententia
451 2825 555 2886 similis
578 2831 623 2885 est
645 2823 820 2886 Hermiones
843 2825 874 2886 in
898 2824 1101 2886 Andromacha
1125 2823 1221 2884 fabula
1245 2823 1331 2884 Euri-

188 2923 265 3002 pidis
287 2942 330 2984 vv.
348 2919 409 2984 859
418 2941 463 3003 sq.

286 3037 375 3107 τόνος
396 3029 586 3116 ἀγάλματος
610 3029 711 3107 talete
733 3028 883 3117 ὀρμαθῶ,

287 3130 307 3216 ἢ
330 3129 435 3197 όοόλα
457 3131 579 3206 όοόλας
600 3130 738 3212 γοόνασι
762 3135 961 3216 προσπέσοις

273 3245 377 3307 Trach.
393 3266 437 3307 vv.
453 3247 546 3325 55sq.
584 3247 694 3308 Ancilla
711 3246 874 3308 Deianiram
899 3247 936 3308 de
959 3245 1098 3308 diuturna
1121 3245 1255 3308 Herculis
1277 3244 1330 3306 ah-

188 3344 282 3406 sentia
305 3353 479 3425 querentem
503 3353 614 3418 monet,
647 3352 680 3408 ut
712 3345 840 3426 aliquem
874 3345 972 3408 mittat
1004 3346 1039 3408 ad
1073 3345 1212 3408 maritum
1245 3345 1330 3408 inve-

189 3443 366 3523 stigandum,

288 3553 435 3638 pellenae
457 3550 489 3617 δ’
513 3548 616 3634 όνπερ
640 3553 725 3629 οἰκός
741 3549 871 3631 Ὕλλον,
896 3555 927 3618 el
948 3553 1074 3638 πατρός

288 3657 383 3736 νέμοι
407 3649 471 3717 τιν’
495 3650 583 3736 ὤραν
604 3654 663 3716 τοῦ
685 3651 791 3728 καλῶς
813 3651 978 3736 πράσσειν
999 3652 1119 3719 δοκεῖν.

190 3767 381 3829 Scholiastam
404 3766 497 3829 secuti
520 3775 724 3828 enarrantem:
747 3762 766 3829 ό
789 3764 827 3829 δὲ
848 3767 935 3842 νοῦς,
961 3771 1015 3830 ἵνα
1030 3765 1158 3851 μάθῃς,
1183 3766 1214 3828 ei
1228 3787 1330 3850 φρον·

188 3862 266 3938 τίζω
289 3861 373 3946 ὑπὲρ
389 3865 446 3929 τοῦ
461 3864 573 3930 δοκεῖν
588 3864 693 3939 καλῶς
708 3859 993 3949 διαπράττεσθαι,
1008 3867 1154 3938 Matthiae,
1171 3867 1331 3941 Hermann,

190 3965 330 4037 Wunder,
347 3964 472 4026 Dindorl
491 3965 674 4047 interpretati
689 3973 775 4027 sunt:
801 3970 842 4026 ‘a'
861 3970 952 4046 putris
973 3966 1099 4048 aliquam
1121 3985 1221 4029 corum
1240 3976 1330 4046 peret,

190 4083 229 4126 aa
243 4064 293 4127 ille
306 4064 393 4126 redae
407 4065 536 4126 secundis
553 4068 599 4126 uti
610 4063 765 4128 eideutar'.
803 4065 855 4126 Cui
879 4065 1113 4145 interpretationi
1135 4074 1215 4126 recte
1236 4083 1331 4147 oppo-

190 4172 317 4226 suerunt
331 4163 525 4226 Thialemann
548 4171 578 4224 et
600 4163 743 4244 llartong‚
768 4183 829 4226 non
852 4163 898 4244 agi
921 4164 957 4226 de
981 4164 1072 4244 patris
1091 4183 1167 4245 quae
1189 4163 1330 4237 videatur,

92 4346 95 4352 Ι
189 4263 241 4324 sed
265 4263 300 4324 do
323 4261 475 4325 veracius
498 4261 601 4323 salute.
647 4263 742 4325 lleath
769 4263 857 4342 igitur
883 4262 940 4342 legi
967 4262 1057 4324 voluit
1080 4261 1111 4324 el
1134 4259 1259 4345 πατρός
1279 4263 1330 4326 vd-

190 4381 266 4444 μειν
281 4399 321 4408 -
338 4359 440 4424 donat.
478 4361 581 4442 Neque
596 4379 666 4423 vero
682 4362 759 4425 mitti
774 4381 828 4444 par
842 4371 905 4424 erat
920 4362 1046 4443 Hyllum,
1069 4363 1094 4423 si
1116 4361 1208 4442 patris
1230 4379 1331 4424 curam

151 4476 158 4490 “
190 4477 291 4539 gerere
313 4468 427 4522 tantum
444 4460 568 4535 videtur,
591 4461 642 4522 sed
665 4461 690 4522 si
711 4480 743 4523 re
766 4479 832 4523 vora
855 4479 955 4526 curam
978 4461 1060 4541 gerit
1097 4459 1200 4542 ltaque
1216 4459 1340 4544 Brunolr
