3268 5072
634 350 887 434 ¹--11--

208 533 339 589 moverat
361 532 391 587 et
412 525 584 588 scholiastae
607 526 692 588 haur.
715 526 859 590 diversam
885 525 1044 588 lectionem
1065 525 1097 586 in
1119 522 1189 608 ἔριν
1210 527 1343 590 mutavit.

208 627 302 698 Quam
331 625 526 688 mutationem
550 625 711 700 Hermann,
741 625 881 699 Wunder,
909 625 1001 686 Wolff
1027 625 1124 705 primo
1151 626 1344 690 collaudatam

208 725 314 786 deiude
336 723 587 805 improbaverunt.
632 724 717 798 Quod
744 733 843 788 autem
866 724 903 787 Μ.
920 725 1043 806 Seyliert
1065 725 1101 788 ad
1122 723 1202 788 locos
1224 725 1344 804 relegat,

208 843 282 906 quos
305 824 423 887 Passow
445 825 475 886 in
497 825 552 886 lex.
574 843 616 904 gr.
639 844 664 886 v.
689 825 780 906 ἕρκος
802 824 999 905 metonymian
1022 824 1233 904 significatione
1256 843 1344 887 usur-

207 932 291 1006 patos
324 923 471 1004 congerit,
504 923 577 992 nihil
604 933 656 986 est
702 923 816 1002 Quibus
849 923 921 1004 ipsis
950 924 1100 1003 congestis
1121 931 1245 1004 apparet
1267 924 1343 1006 λρκη

207 1023 261 1084 hac
282 1021 309 1085 vi
334 1023 409 1084 dicta
432 1041 500 1086 cum
522 1023 657 1103 genetivo
681 1022 744 1086 eius
773 1023 816 1084 rei
840 1024 922 1086 ouius
950 1023 1010 1085 sint
1038 1023 1111 1086 retia
1138 1022 1231 1102 iungi,
1265 1029 1345 1084 certe

206 1123 372 1202 genetivum
396 1122 423 1184 si
451 1122 525 1184 desit
553 1143 569 1184 e
596 1122 652 1184 loci
678 1121 825 1184 sententia
853 1121 938 1184 facile
960 1129 1063 1184 mente
1090 1121 1221 1202 suppleri
1247 1139 1343 1202 posse.

208 1222 265 1283 Sed
294 1222 330 1283 ad
361 1223 435 1303 ἕρκη
463 1216 549 1283 κακά
573 1222 645 1284 nihil
676 1229 720 1282 est
743 1221 822 1301 quod
845 1220 1070 1300 subinteUegere
1103 1220 1201 1301 possis
1234 1239 1270 1284 ex
1302 1219 1344 1284 eis

207 1339 281 1400 quae
307 1320 490 1400 praecedunt
518 1329 569 1384 aut
590 1327 765 1402 sequuntur.
811 1319 1025 1382 Schneidewini
1049 1337 1118 1384 vero
1139 1318 1344 1399 interpretatio

207 1419 307 1481 minus
330 1427 464 1482 accurata
488 1428 542 1492 est,
564 1420 654 1482 vertit
676 1419 755 1481 enim
772 1419 1091 1499 Unglueclxsscbliugen
1114 1438 1169 1500 pro
1184 1418 1345 1498 unglueclx-

206 1518 291 1593 liobe,
324 1517 414 1580 boese
447 1518 616 1598 Schlingen.
670 1520 708 1580 dt
739 1529 774 1580 ut
804 1518 960 1581 tralatione
998 1519 1125 1600 quadam
1159 1517 1217 1580 diei
1249 1516 1345 1598 possit

207 1617 528 1698 Unglueclxssehlingen
549 1637 605 1698 pro
628 1616 857 1697 unglueckliche,
878 1617 968 1680 hoese
983 1617 1152 1698 Scbliugeu,
1175 1617 1232 1679 hoc
1249 1615 1345 1678 ambi·

207 1735 264 1796 gue
286 1735 403 1779 versum
427 1724 482 1778 est.
526 1715 600 1778 Nam
628 1716 658 1778 in
680 1715 1012 1797 Unglucclrsschlingen,
1044 1718 1069 1780 si
1102 1717 1181 1780 idem
1215 1724 1286 1778 sunt
1312 1733 1346 1777 ae

207 1815 369 1893 Schlingen
391 1815 442 1878 des
464 1815 640 1896 Unglueeks‚
662 1816 738 1878 nihil
759 1835 832 1880 sane
847 1816 1019 1880 offensionis
1040 1817 1129 1891 inest,
1151 1833 1242 1897 quum
1265 1822 1344 1876 certa

207 1914 245 1977 sit
278 1913 430 1976 nominata
462 1933 511 1978 res
539 1917 584 1978 rel
615 1914 746 1996 potentia
776 1915 859 1978 ornus
887 1925 958 1979 sunt
984 1917 1068 1978 retia.
1112 1917 1150 1980 dt
1178 1915 1232 1978 hac
1257 1913 1285 1976 vi
1312 1933 1346 1977 ac

207 2014 422 2094 significatione
456 2015 531 2097 ἕρκη
561 2011 645 2076 κακά
670 2031 732 2076 non
760 2023 831 2078 sunt
858 2016 1189 2096 Unglueclxssoblingen,
1221 2014 1345 2094 iureque

208 2113 324 2192 qnaeris
347 2113 503 2177 cuiusnam
525 2115 571 2176 vel
594 2111 816 2195 quorumnam?

294 2213 449 2292 Ingeniose
474 2214 565 2293 igitur
585 2214 738 2277 Hermann
766 2215 858 2277 eiecto
887 2216 1064 2296 glossemate
1091 2211 1284 2296 εἰσέβαλλον
1308 2213 1344 2274 ad

207 2307 349 2395 ὤτρυνον
370 2313 546 2394 asyndetum
576 2314 710 2394 ineptum
733 2314 856 2376 removit
880 2323 910 2378 et
931 2315 1132 2378 necessarium
1156 2331 1245 2394 quem
1269 2314 1344 2395 ἕρκη

207 2409 291 2474 κακοὶ
316 2412 472 2492 requirunt
497 2414 664 2494 genetivum
688 2403 845 2496 Ἐρινύων
870 2415 1016 2494 restituit,
1047 2415 1107 2477 sive
1134 2414 1164 2476 iu
1197 2412 1342 2494 principio

207 2529 308 2573 versus
330 2511 462 2591 positum
485 2531 550 2574 esse
573 2529 685 2588 censes,
707 2513 769 2576 sive
791 2514 871 2593 qued
892 2513 1108 2589 Schneidewin,
1130 2513 1156 2576 si
1179 2511 1343 2593 corruptela

208 2619 287 2673 esset
309 2611 473 2685 statuenda,
496 2630 528 2673 se
548 2613 748 2692 praelaturum
773 2611 845 2674 dixit

308 2759 450 2846 ὤτρυνον
472 2763 520 2838 εἰς
537 2759 730 2846 ’θρινύων
753 2767 826 2850 ἕρκη
849 2762 945 2827 κακοέ.

206 2919 272 2992 0οο
303 2917 423 2980 nomine
451 2919 505 2980 hac
531 2917 594 2998 ipsa
624 2917 652 2979 vi
682 2927 712 2981 et
739 2917 955 2997 significatione
982 2935 1055 2980 usus
1089 2925 1134 2979 est
1161 2923 1248 2998 poeta
1275 2915 1341 2978 hut.

206 3035 232 3077 v.
249 3013 319 3087 602,
344 3018 380 3077 cl.
396 3015 501 3078 Trach.
517 3035 543 3077 v.
563 3015 653 3090 1050,
676 3016 781 3096 fragm.
798 3017 888 3097 Sopb.
904 3036 933 3078 n.
951 3015 1022 3078 508.

291 3133 317 3174 v.
342 3112 409 3175 100.
449 3113 561 3177 Nautae
590 3115 756 3189 Salaminii,
791 3116 841 3197 qui
870 3115 986 3178 Aiacem
1013 3131 1133 3195 aegrum
1166 3114 1344 3177 consolaturi

206 3213 322 3286 adsunt,
351 3211 507 3274 hortantur
528 3232 567 3275 ue
589 3214 620 3276 in
642 3215 772 3277 tentorio
795 3222 996 3278 commoretur
1018 3215 1118 3288 heros,
1143 3214 1169 3276 si
1190 3213 1343 3276 mendacia

205 3313 241 3374 de
269 3332 305 3374 eo
331 3312 483 3393 preferant
504 3313 623 3375 aradae
645 3321 696 3376 aut
718 3315 825 3376 Ulixes.
869 3315 924 3376 llic
949 3322 1048 3376 autem
1076 3334 1111 3375 cx
1133 3332 1216 3376 more
1239 3313 1343 3392 Tragi-

205 3431 317 3488 corum‚
348 3413 398 3493 qui
427 3419 529 3493 poetas
551 3413 680 3493 Cyclicos
702 3413 797 3475 secuti
818 3413 931 3476 Ulixem
955 3413 1072 3494 Sisyphi
1093 3412 1185 3476 filium
1212 3412 1343 3474 hominis

207 3530 278 3574 suae
306 3513 411 3574 aetatis
438 3511 616 3576 fallacissimi
644 3512 867 3593 praedicabant,
900 3512 992 3594 patris
1020 3513 1141 3575 nomine
1174 3512 1343 3594 designatur

208 3610 353 3674 versiculo

304 3743 323 3834 ἢ
345 3748 403 3824 τᾶς
425 3742 555 3814 ἆσιότον
578 3747 763 3836 Οισνφιδόιν
784 3749 905 3830 γενεᾶς.

204 3908 284 3982 Quae
313 3907 400 3970 verba
427 3908 508 3971 unde
538 3909 688 3990 pendeant
713 3909 818 3972 incerti
839 3917 919 3972 sunt
940 3929 983 3972 vr.
1006 3911 1054 3973 dd.
1098 3910 1195 3990 Atque
1222 3911 1344 3970 luerunt

203 4007 255 4086 qui
276 4007 445 4087 genetivum
467 4007 526 4082 σᾶς
547 4007 660 4086 γενεᾶς
682 4028 718 4070 ex
740 4027 771 4070 n.
794 4003 961 4090 βασιλεύς,
985 4011 1064 4091 quod
1086 4028 1197 4072 nomen
1220 4028 1255 4071 ex
1277 4025 1342 4070 ver-

204 4106 250 4168 bis
276 4107 410 4188 proxime
439 4109 685 4189 praecedentibus
713 4103 746 4172 οἳ
767 4099 906 4190 μεγάλοι
930 4108 1069 4194 βασιλῆς
1094 4108 1270 4190 supplebant
1292 4115 1343 4170 aut

204 4223 239 4268 ex
268 4207 390 4270 articulo
424 4202 443 4270 o‘
470 4227 505 4268 ex
536 4203 569 4270 οἳ
595 4208 741 4272 audiendo
766 4209 812 4270 vel
839 4209 926 4272 etiam
955 4229 989 4272 ex
1018 4206 1051 4273 ol
1073 4206 1211 4292 βασιλῆς
1232 4215 1333 4289 aptum

203 4315 350 4387 putarent
393 4309 431 4369 dt
462 4327 497 4369 ex
530 4308 662 4370 numeris
695 4308 856 4390 pluralibus
889 4305 923 4372 ol
955 4318 985 4371 at
1016 4306 1156 4392 βασιλῆς
1191 4325 1333 4372 numerus

203 4406 358 4486 singularis
388 4407 518 4486 intellegi
548 4425 609 4470 non
636 4408 703 4488 quit
723 4427 819 4489 neque
846 4405 1042 4492 abdamelic
1068 4417 1224 4490 postquam
1247 4408 1336 4471 modo

203 4507 240 4569 de
267 4507 383 4570 duobus
411 4507 522 4570 Atridis
556 4505 626 4569 dicti
655 4515 726 4570 sunt
752 4509 841 4570 iidem
871 4510 907 4571 de
937 4527 998 4572 uno
1022 4509 1105 4574 Ulixe
1134 4508 1189 4572 dici
1211 4515 1338 4590 possunt
