3266 5084
739 341 960 412 476.-

358 527 472 588 Chorus
495 526 635 588 accedens
656 525 693 586 ad
716 526 944 605 Neoptolemum
961 525 1084 606 quaerit,
1109 525 1180 605 quid
1203 526 1227 585 ei
1244 525 1415 598 subserviat,

275 626 325 705 qui
349 625 524 704 respondet:
553 629 658 704 ‘aspice
679 635 763 686 oeteo
789 625 909 705 fidenter
931 634 1057 696 omrem,
1079 625 1157 704 sorte
1177 627 1253 685 enim
1271 625 1301 686 id
1322 627 1415 704 copim

274 734 305 784 ot
320 724 371 785 obi
384 727 475 784 cantet
490 723 650 796 lbilooteto,
666 724 746 784 hocce
761 741 798 785 eae
814 733 897 784 antro
912 723 1010 786 recede
1025 722 1115 804 daque
1130 739 1255 802 operum,
1270 732 1303 783 ut
1314 739 1369 802 pro
1383 741 1416 785 re

272 833 342 883 nutu
361 821 578 883 mtbbserviue'.
618 821 746 883 Chorus:
782 827 858 882 ‘rem
880 821 1036 882 telesiam
1060 822 1109 882 diu
1134 821 1300 884 meditatam
1324 817 1415 882 πολλ’.

273 921 448 1000 Sequuntur
473 919 558 981 verba
581 939 596 980 a
619 919 768 1000 plerisque
789 937 926 1000 perverse
949 918 1109 980 intellecta:
1264 915 1266 919 ’

371 1029 430 1094 νῦν
451 1021 484 1092 δ’
505 1028 580 1112 ἐμοὶ
602 1025 685 1108 λέγ’,
709 1026 811 1103 αὐλὰς
833 1033 935 1102 ποίας
955 1025 1085 1110 ἔντδρος
1143 1048 1186 1092 vv.
1205 1029 1265 1090 152
1277 1047 1343 1110 sqq.

373 1130 460 1191 ναίει
483 1129 540 1189 καί
562 1127 668 1210 χῶρον
687 1123 750 1192 τίν’
772 1126 896 1207 ἔχει-
910 1161 953 1171 —-

372 1228 422 1298 τίς
442 1221 545 1300 τόπος
564 1221 584 1308 ἢ
606 1227 656 1299 τίς
677 1223 776 1307 ἓδρα,·

272 1351 401 1412 Auctore
423 1352 501 1414 enim
525 1351 673 1412 Schultzio
696 1351 750 1422 vel,
776 1351 802 1411 si
826 1346 976 1411 Wundero
998 1349 1088 1410 fidem
1112 1349 1230 1424 habeas,
1259 1349 1415 1413 Matthiaeo

272 1442 376 1522 αὐλός
399 1457 428 1510 et
449 1446 548 1530 ἕδραν
571 1450 607 1510 ad
623 1448 833 1511 habitationem
856 1447 1030 1508 sollemnem
1051 1448 1237 1520 Philoctetae,
1259 1449 1365 1532 χῶρον
1387 1457 1417 1510 et

271 1543 377 1609 τόπον
403 1548 438 1608 ad
473 1548 580 1617 locum,
612 1547 644 1607 in
673 1565 823 1626 quocum
846 1543 973 1606 maxime
995 1555 1141 1618 versatur,
1171 1549 1314 1610 referunt.
1359 1547 1416 1610 Sed

272 1665 363 1726 quum
388 1662 556 1726 pronomen
577 1643 819 1723 interrogativum
837 1652 935 1718 ποῖος
958 1645 1016 1706 hoc
1037 1645 1101 1707 loco
1123 1645 1204 1707 idem
1221 1647 1313 1708 valeat
1328 1655 1416 1726 atque

271 1745 332 1816 τίς,
350 1743 428 1822 quod
445 1751 474 1804 et
489 1763 564 1823 quae
580 1751 746 1822 sequuntur
761 1741 867 1825 χῶρον
881 1737 947 1806 τιν’
964 1740 1030 1822 ἔχει
1047 1743 1129 1824 quasi
1150 1741 1186 1805 ἐκ
1202 1741 1416 1827 παραλλήλου

271 1841 370 1922 posita
387 1849 416 1902 et
430 1837 479 1914 τίς
494 1839 597 1914 τόπος
612 1837 632 1922 ἢ
648 1844 698 1914 τίς
715 1839 794 1923 ἕδρα
810 1861 837 1902 v.
857 1843 917 1902 157
933 1850 1070 1922 arguunt,
1086 1843 1195 1904 chorus
1210 1851 1274 1904 tum
1290 1851 1414 1922 rogaret.

271 1959 418 2020 quaenam
441 1948 519 2001 esset
541 1939 722 2001 Philoctetae
744 1939 884 2002 habitatio
907 1943 952 2003 vel
975 1941 1027 2002 ubi
1049 1939 1202 2002 habitaret.
1232 1941 1321 2013 Quod
1343 1941 1414 2002 ferri

271 2058 333 2100 non
355 2046 461 2119 potest.
508 2037 582 2100 Nam
611 2055 791 2120 quamquam
820 2039 927 2101 chorus
957 2040 1058 2120 (quem
1086 2057 1144 2100 una
1175 2055 1242 2100 cum
1271 2039 1353 2102 Ulixe
1386 2045 1416 2101 et

270 2137 467 2216 Neoptolemo
500 2155 691 2217 progressum
720 2155 785 2198 esse
815 2146 938 2218 propter
960 2159 994 2200 ea
1020 2137 1212 2201 statuendum
1248 2143 1302 2208 est,
1336 2138 1415 2218 quod

272 2233 335 2296 eius
351 2229 501 2318 πάροδος
516 2236 567 2315 qui
589 2245 711 2297 vocatur
733 2235 856 2298 omnino
880 2237 974 2313 deest)
998 2253 1177 2317 quamquam
1193 2233 1283 2314 igitur
1297 2235 1415 2298 illorum

272 2331 435 2394 diverbium
457 2351 519 2394 non
541 2334 699 2405 audiverat,
734 2335 814 2416 quod
838 2345 959 2416 apparet
981 2355 997 2397 e
1019 2355 1045 2395 v.
1066 2333 1134 2406 158,
1157 2353 1216 2414 quo
1239 2339 1323 2414 rogat
1338 2335 1416 2396 sitne

272 2432 352 2492 intus
375 2449 413 2493 an
434 2433 507 2493 foris
529 2431 699 2504 Philocteta,
727 2427 792 2495 τίν’
819 2430 886 2510 ἔχει
913 2435 1028 2514 στίβον
1054 2427 1192 2495 ἔναυλον
1217 2428 1414 2514 ἢθνραῖον,

273 2549 366 2610 quum
397 2529 528 2610 alioquin
559 2550 575 2591 e
605 2529 726 2592 diverbii
750 2550 792 2592 vv.
812 2532 852 2592 29
864 2551 929 2612 sqq.
953 2532 1023 2593 satis
1047 2535 1232 2610 compertum
1262 2531 1415 2592 habuisset

272 2649 334 2690 non
357 2648 422 2690 esse
445 2629 524 2690 domi
547 2629 697 2701 claudum3
730 2637 831 2691 tamen
860 2647 980 2692 neeesse
1002 2637 1046 2691 est
1075 2647 1142 2690 eum
1170 2629 1282 2708 optime
1304 2647 1414 2708 eogno-

271 2727 348 2788 visse
370 2725 426 2788 sibi
448 2727 675 2808 Neoptolemum
699 2725 895 2789 adiuvandum
919 2747 982 2790 esse
1009 2727 1040 2789 in
1061 2729 1229 2789 reducendo
1253 2727 1414 2788 Philocteta

272 2825 443 2906 pertinaci·
465 2827 550 2899 Quod
573 2841 635 2887 uon
651 2825 746 2887 solum
772 2845 806 2886 ex
828 2835 890 2886 tota
913 2825 976 2888 eius
999 2825 1114 2888 ratione
1131 2827 1234 2898 elucet,
1257 2825 1413 2888 sedetiam

273 2947 288 2986 e
311 2924 415 3005 primis
440 2925 536 2986 verbis
559 2943 635 3005 quae
657 2925 790 3004 loquitur
812 2941 855 2984 vv.
877 2923 991 3004 153sq.

372 3052 404 3112 τί
426 3046 498 3132 χρή,
522 3051 554 3112 τί
576 3043 637 3132 χρή
660 3071 713 3129 ps,
737 3043 890 3124 δέσποτ’,
914 3046 950 3112 ἐν
973 3046 1049 3126 ξένα
1072 3045 1164 3118 ξένον

373 3150 500 3226 στέγειν
521 3145 541 3231 ἢ
559 3151 592 3209 τί
614 3145 722 3224 λέγειν
746 3145 848 3230 πρός
871 3142 981 3230 ἄνδρ’
1006 3139 1208 3223 rinoceros,-

272 3279 337 3350 Quo
372 3277 500 3338 efficitur
532 3285 566 3338 ut
596 3276 782 3356 Neoptolemi
810 3276 898 3338 verba
921 3296 965 3338 vv.
991 3277 1050 3337 144
1068 3295 1142 3356 sqq,
1171 3275 1279 3356 quibus
1307 3277 1414 3338 chorus

271 3383 390 3438 antrum
413 3377 507 3438 visere
529 3375 656 3446 iubetur,
680 3375 716 3438 ab
739 3377 797 3436 hoo
818 3393 880 3438 uon
901 3375 1033 3454 intellegi
1056 3393 1116 3436 nou
1139 3375 1256 3455 possint
1278 3376 1315 3438 de
1330 3383 1414 3438 antro

271 3475 460 3536 Philoctetae.
505 3475 593 3536 Novit
615 3491 685 3553 ergo
709 3475 816 3536 chorus
840 3493 875 3536 ex
902 3474 948 3538 his
970 3473 1066 3536 verbis
1093 3482 1223 3545 autrum,
1251 3476 1332 3555 quod
1361 3475 1414 3538 ad·

272 3573 432 3653 spiciebat‚
456 3574 689 3636 Philoctetaeum
711 3592 786 3634 esse.
829 3573 966 3652 lneptum
989 3591 1059 3652 ergo
1081 3581 1127 3634 est
1149 3573 1273 3634 chorum
1300 3591 1413 3654 rogare,

271 3691 347 3751 quae
369 3671 433 3732 eius
455 3671 494 3732 sit
515 3671 666 3734 habitatio.
710 3670 787 3732 Tum
817 3671 942 3734 minime
964 3656 1086 3734 necesse
1116 3679 1163 3734 est
1185 3691 1201 3732 e
1222 3671 1320 3734 verbis
1341 3672 1414 3754 ipsis

272 3789 336 3831 eam
359 3789 435 3849 quae
457 3771 543 3847 vulgo
567 3769 712 3832 subicitur
735 3770 913 3832 sententiam
936 3771 1095 3835 enucleari.
1139 3769 1182 3832 lle
1204 3770 1285 3834 verbi
1305 3774 1414 3835 ναίειν

273 3869 300 3930 vi
323 3887 356 3929 ac
378 3868 591 3947 significatione
620 3869 718 3930 forte
747 3869 924 3930 versandi
952 3870 987 3930 cf.
1012 3887 1087 3948 quae
1111 3869 1274 3930 attuleruut
1296 3870 1414 3932 Ellendt

272 3975 302 4028 et
329 3967 444 4027 Gentbe
477 3967 508 4028 in
540 3967 633 4029 lexico
660 3967 833 4047 Sophocleo.
882 3961 978 4047 Λδλή
1008 3967 1044 4028 ah
1073 3966 1225 4030 Athenaeo
1255 3987 1283 4047 p.
1303 3967 1413 4042 189‚6

272 4060 323 4146 (d)
340 4059 579 4146 διαπνεόμενος
593 4062 698 4138 τόπος
713 4065 830 4128 dicitur.
867 4064 1014 4126 Locorum
1036 4064 1126 4143 igitur
1146 4066 1306 4143 agrestium
1321 4067 1413 4146 sigui-

271 4164 378 4236 ficatio,
413 4182 488 4242 quae
511 4165 659 4245 primitiva
687 4164 833 4226 Ellendtio
862 4164 1076 4236 videturesse,
1109 4163 1157 4226 hic
1185 4165 1276 4245 accipi
1305 4172 1411 4244 potest.

271 4264 336 4336 Quo
367 4280 434 4323 vero
466 4264 591 4326 maxime
620 4264 757 4326 nituntur
779 4283 824 4324 vv.
847 4263 894 4324 dd.
923 4262 1064 4325 adiectivo
1094 4259 1239 4344 ἔνεδρος,
1263 4273 1296 4325 ut
1319 4263 1414 4326 incolo

271 4360 441 4434 inhabitent,
464 4363 520 4424 hoo
542 4381 604 4424 nou
626 4362 746 4442 proprie
767 4361 895 4424 incolam
911 4360 1166 4441 significetueque
1186 4360 1412 4437 inhahitantem,

272 4461 323 4522 sed
347 4479 438 4540 quum
464 4459 543 4545 ἕδρα
569 4462 662 4535 sedes,
686 4463 767 4522 loeus
791 4459 1033 4524 commorationis
1055 4459 1104 4532 sit,
1125 4455 1264 4541 ,ἔντδρος
1288 4467 1333 4522 est
1355 4461 1411 4522 iu-
