3268 5072
738 341 959 404 ...10-

280 514 466 594 aSophoole,
489 524 588 578 tamen
604 535 638 578 ex
653 516 710 578 hoc
731 535 793 580 non
812 517 942 580 'efficitur
965 535 1088 579 neeesse
1110 537 1183 592 esse,
1206 525 1238 580 ut
1260 519 1418 582 denotetur

280 613 357 675 illius
380 615 599 688 malevolentia,
633 633 690 695 qua
712 615 828 678 Aiacem
862 615 890 677 in
913 617 1043 696 pecudes
1076 617 1239 697 impulerit,
1274 619 1417 698 asyndeto

279 733 343 777 eam
366 713 398 776 in
420 715 585 776 enarrando
607 713 660 776 utl.
705 714 854 777 Severitas
877 715 956 776 enim
978 713 1126 777 Minervae
1155 735 1191 777 ex
1219 723 1281 778 tcta
1303 719 1416 798 prologi

277 815 393 876 ratione
412 815 556 894 perlucet.
593 814 627 876 ln
650 815 799 876 narrando
823 832 892 876 vero
915 815 1000 888 laeto,
1024 823 1181 895 postquam
1204 816 1337 880 animum
1358 817 1417 890 im-¹

278 913 381 995 plexit,
409 913 560 994 pueriliter
581 932 654 976 sane
679 913 799 976 lusisset
827 921 856 974 et
878 913 1029 976 humiliter
1050 913 1194 988 Minerva,
1222 916 1246 976 si
1268 916 1343 978 Ulixi
1364 917 1416 979 tali

279 1012 367 1076 modo
390 1011 522 1074 animum
546 1031 634 1074 suum
656 1011 688 1074 in
704 1012 820 1079 Aiacem
841 1012 985 1075 infestum
1006 1014 1194 1077 ostendisset.
1231 1015 1305 1078 Tum
1329 1025 1416 1096 poeta

277 1114 513 1194 religiosissimus
541 1116 637 1178 noluit
666 1116 738 1179 deos
768 1115 942 1180 mortalibus
968 1118 1075 1182 studiis
1098 1119 1219 1182 affectos
1239 1119 1272 1182 in
1295 1137 1415 1182 scenam

277 1214 439 1294 producere
462 1214 547 1294 eique
570 1222 686 1278 tantum
709 1215 760 1296 qui
775 1216 901 1278 audiunt
921 1217 965 1278 vel
987 1216 1088 1296 legunt
1103 1218 1165 1279 eius
1180 1217 1292 1280 fabulas
1316 1237 1331 1280 e
1353 1226 1415 1280 tota

277 1331 377 1374 earum
401 1313 612 1394 compositione
634 1314 816 1394 intellegunt,
839 1315 977 1396 quemad
995 1317 1115 1378 modum
1139 1336 1187 1379 eos
1210 1318 1327 1380 allectos
1350 1336 1415 1380 esse

277 1413 411 1476 voluerit.
449 1414 535 1477 Certe
555 1433 712 1496 personam
733 1415 766 1477 in
790 1417 921 1478 dramate
943 1425 1088 1495 agentem,
1112 1416 1197 1478 utin
1219 1418 1275 1478 hoc
1290 1417 1414 1490 Ulixem,

276 1513 408 1575 divinum
430 1522 547 1576 tautum
570 1533 782 1596 summumque
804 1533 917 1578 numen
939 1515 1056 1576 novisse
1083 1533 1117 1577 ac
1139 1515 1271 1578 venerari
1292 1517 1338 1578 las
1361 1525 1413 1579 est.

276 1613 361 1686 Quod
383 1613 447 1676 fieri
470 1631 531 1678 uon
553 1621 668 1694 posset,
692 1615 716 1677 si
740 1615 794 1677 dea
817 1635 850 1676 ea
874 1616 1002 1691 ratione,
1026 1635 1084 1696 qua
1106 1634 1154 1678 res
1176 1624 1271 1694 gestas
1294 1635 1414 1678 enarra-

275 1713 377 1784 visset,
407 1713 539 1775 studium
562 1732 649 1776 suum
673 1713 791 1776 mortali
818 1714 1006 1776 ostendisset.
1051 1715 1139 1794 Atqui
1161 1715 1290 1777 Minerva
1313 1733 1413 1777 severa

275 1830 342 1873 cum
370 1811 512 1891 gravitate
539 1812 652 1874 Ulixem
682 1813 767 1874 docet
796 1831 856 1874 non
885 1813 1082 1894 spernendam
1111 1833 1175 1876 esse
1202 1815 1326 1877 deorum
1352 1816 1412 1878 vim

275 1919 304 1972 et
326 1911 503 1991 potentiam;
532 1911 645 1991 siquis
668 1912 812 1974 valentior
838 1913 877 1974 sit
899 1923 949 1975 aut
972 1913 1073 1986 ditior,
1104 1923 1204 1975 caveat
1225 1933 1262 1976 ne
1284 1915 1412 1995 superbe

275 2009 385 2072 dictum
407 2011 439 2072 in
463 2030 512 2072 eos
535 2011 615 2084 edat;
642 2011 697 2072 hos
727 2011 807 2072 enim
831 2012 981 2074 modestos
1004 2031 1103 2074 amare
1125 2022 1155 2074 et
1176 2013 1273 2076 odisse
1295 2013 1412 2076 stultos.

276 2109 361 2183 Quod
384 2119 483 2173 autem
506 2109 708 2172 Schneidewin
732 2110 768 2173 ab
791 2130 826 2172 eo
850 2111 902 2194 qui
923 2111 1033 2174 scholia
1060 2112 1215 2194 adscripsit
1242 2113 1273 2174 in
1295 2110 1336 2173 La
1357 2114 1411 2176 ad-

274 2215 387 2271 notatas
409 2210 550 2272 lectiones
572 2210 681 2272 nullius
696 2210 783 2290 pretii
805 2230 870 2272 esse
892 2212 941 2286 ait,
966 2227 1027 2272 non
1042 2211 1177 2273 meminit
1192 2231 1217 2273 v.
1235 2211 1261 2273 d.
1278 2213 1410 2274 locorum

274 2308 347 2370 Phil.
364 2329 390 2370 v.
405 2307 476 2380 426,
499 2309 854 2384 stercoratam.
899 2311 1032 2384 Quorum
1056 2311 1135 2392 quod
1163 2311 1268 2374 attinet
1291 2313 1326 2374 ad
1349 2312 1411 2392 pri·

273 2427 365 2482 mum,
388 2409 530 2490 scriptum
553 2409 701 2471 invenitur
721 2407 807 2470 iuba
827 2427 981 2489 perperam
1005 2401 1058 2470 δύ’
1080 2399 1188 2482 αὕτως
1211 2410 1272 2471 sive
1293 2404 1412 2486 αὕτως,

274 2508 352 2568 unde
374 2506 416 2567 Lb
439 2498 545 2580 αῧτως
566 2525 633 2570 cum
657 2507 767 2588 duplici
788 2507 907 2588 spiritu,
937 2501 1023 2571 δείν’
1045 2498 1163 2581 ἔλεξας.
1209 2509 1264 2570 Sed
1287 2510 1413 2571 servavit

273 2625 358 2668 verae
391 2607 524 2669 lectionis
557 2607 678 2686 vestigia
712 2607 859 2668 diorthota
893 2607 944 2686 qui
976 2617 1097 2669 vocatur
1124 2625 1140 2668 a
1168 2606 1320 2669 llindorlio
1353 2603 1410 2672 δύ’

273 2699 394 2768 adcuid’
417 2703 592 2782 ἐξέδειξας,
628 2707 706 2768 unde
728 2707 842 2768 Porson
876 2706 953 2768 eruit
986 2701 1038 2768 δύ’
1072 2699 1114 2768 αὖ
1136 2701 1216 2767 τώδ’
1239 2703 1410 2780 diedericus.

272 2805 371 2866 Altero
399 2804 463 2867 loco
486 2806 631 2884 glossema
661 2802 733 2878 διός
759 2805 791 2866 in
818 2812 990 2868 contextum
1018 2805 1149 2886 irrepsit,
1177 2805 1287 2885 expulit
1318 2801 1412 2888 ζηνός

272 2905 351 2984 quod
384 2905 510 2966 servavit
542 2904 689 2966 diorthota
722 2905 866 2966 adnotans
900 2925 949 2987 γρ.
972 2899 1092 2987 ἀρίστα
1120 2899 1265 2987 ταζηνός.
1309 2905 1410 2967 Tertio

270 3003 335 3064 loco
358 3003 497 3065 traditum
530 3012 575 3065 est
601 2999 679 3065 reida
702 3001 828 3065 δικαια.
873 3003 1045 3064 Diorthotae
1066 3019 1135 3064 voro
1164 2997 1244 3064 wide
1271 3001 1349 3065 δίκα
1377 3004 1409 3064 in

269 3093 349 3164 wida
371 3099 449 3180 δίκᾳ
472 3110 617 3164 mutatum
640 3119 744 3164 omnes
766 3111 950 3182 receperunt.
996 3100 1044 3164 Sic
1065 3099 1210 3162 lleinehio
1232 3101 1263 3161 in
1286 3100 1410 3182 symbol.

270 3202 334 3263 crit.
358 3201 395 3263 ad
423 3200 602 3278 Antigonam
631 3220 658 3281 p.
683 3200 762 3262 21a
793 3201 942 3262 diorthota
970 3199 1149 3279 adscriptum
1178 3199 1354 3280 θυμαίνων
1383 3198 1409 3259 ei

270 3301 349 3380 quod
372 3298 411 3361 La
435 3300 553 3362 exhibet
574 3296 760 3362 λυσσαίνων
782 3299 959 3379 praeferenti
985 3299 1079 3360 libens
1108 3298 1264 3360 adsentior.
1308 3297 1410 3377 Neque

270 3400 467 3481 spernendam
502 3419 567 3462 esse
600 3400 684 3462 istius
718 3400 876 3462 lectionem
910 3399 1054 3461 diversam
1076 3399 1144 3459 Ant.
1166 3416 1190 3458 v.
1208 3396 1270 3458 676
1303 3394 1409 3469 πέδας

269 3499 346 3561 idem
370 3499 496 3561 monuit.

354 3597 433 3672 Loci,
469 3617 543 3678 quos
570 3615 614 3659 vv.
639 3596 686 3658 dd.
710 3597 843 3659 certatim
878 3605 1090 3677 congesserunt
1124 3596 1159 3656 ad
1193 3595 1409 3657 defendendam

268 3807 339 3862 suut
361 3817 376 3860 a
399 3799 465 3861 loco
488 3798 539 3880 qui
566 3799 599 3860 in
626 3797 764 3860 manibus
792 3805 852 3872 est,
886 3797 996 3879 quippe
1029 3796 1109 3876 quod
1136 3803 1188 3858 aut
1213 3795 1292 3858 iussa
1321 3805 1409 3876 atque

267 3900 409 3980 imperata
436 3899 472 3960 iis
495 3898 711 3980 exprimantur,
738 3898 816 3961 velut
837 3897 880 3958 ΑΙ.
899 3915 922 3957 v.
943 3896 1010 3958 115.
1028 3895 1098 3958 811.
1117 3894 1186 3957 814.
1204 3893 1275 3956 958.
1299 3896 1365 3957 bnt.
1382 3914 1407 3955 v.

270 3997 339 4060 768.
361 3997 559 4060 10371108.
581 3996 839 4070 Traoh.v.1257‚
868 4004 918 4058 aut
947 3994 1096 4057 rhetorice
1119 4004 1152 4056 ut
1172 3995 1213 4056 ita
1236 3995 1330 4057 dicam
1352 3995 1407 4057 ali-

268 4097 338 4178 quid
372 4097 571 4172 describatur,
604 4098 684 4160 velut
717 4096 817 4159 Aesch.
835 4095 966 4175 Persa.
985 4093 1055 4155 426.
1072 4092 1143 4155 463.
1176 4093 1257 4173 Sept.
1274 4113 1298 4155 o.
1315 4094 1407 4157 Theb.

269 4217 295 4260 v.
312 4198 362 4260 60.
386 4198 476 4278 Soph.
492 4197 535 4258 ΕΙ.
551 4215 578 4258 v.
594 4197 666 4258 719.
689 4197 759 4258 Eur.
775 4195 817 4256 ΕΙ.
840 4214 866 4256 v.
888 4193 959 4269 843,
986 4192 1055 4254 huic
1083 4211 1153 4255 vero
1182 4193 1247 4254 loco
1276 4191 1349 4256 nihil
1377 4195 1406 4256 id

268 4315 361 4378 genus
382 4297 462 4370 insit,
485 4297 536 4358 sed
559 4297 684 4376 simplex
706 4295 747 4357 ibi
769 4301 939 4374 compareat
960 4293 1033 4355 deae
1056 4291 1194 4354 narratio.

352 4395 417 4456 Huc
431 4395 551 4471 accedit,
575 4395 654 4475 quod
676 4394 714 4456 ita
731 4394 809 4455 nude
825 4392 920 4474 posita
936 4394 1010 4475 ἕρκη
1032 4388 1205 4452 morosane
1222 4390 1406 4472 habentque

268 4497 426 4558 offendant.
470 4494 531 4554 lam
554 4494 632 4555 enim
656 4492 771 4555 Lobeclr
793 4491 872 4554 vocis
900 4493 973 4574 ἕρκη
996 4508 1125 4553 ausona
1148 4489 1186 4550 sit
1207 4490 1404 4570 suspicionem
