3268 5072
791 310 1010 372 ..34-

323 482 482 561 Postquam
507 482 587 543 euim
610 482 704 544 trihus
727 502 773 544 vv.
793 481 975 544 224-226
1002 485 1131 546 iudicare
1160 485 1259 546 iussus
1288 491 1334 545 est
1362 483 1388 543 is
1416 482 1466 562 qui

322 580 498 642 homicidam
533 581 650 643 noverit
682 591 713 643 et
746 581 840 644 trihus
867 602 911 644 vv.
934 581 1112 644 227-220
1140 583 1287 645 homicida
1313 583 1393 662 ipse,
1421 580 1466 643 his

321 679 418 741 trihus
441 699 484 740 vv.
501 678 669 740 230-232
691 679 833 742 indicium
861 681 957 744 iacere
979 681 1099 744 iubetur
1121 682 1145 742 is
1163 682 1220 762 'qui
1242 681 1332 744 alium
1355 680 1408 741 alia
1431 698 1466 740 ex

322 787 400 840 terra
422 777 546 840 noverit
590 779 668 840 Fieri
691 779 772 841 euim
796 787 895 859 potest
919 789 950 841 ut
972 798 1032 842 nou
1054 781 1093 841 sit
1114 779 1282 854 Thebanus,
1303 779 1358 841 sad
1379 797 1467 859 pere-

321 876 423 955 grinus
456 878 553 940 caedis
586 886 702 954 auctor,
737 878 789 959 qui
823 897 905 940 nunc
932 879 1042 942 Thebis
1076 887 1218 942 versatur.
1264 878 1339 940 Nam
1361 877 1465 957 Apollo

320 977 416 1037 sotum
439 977 496 1039 hoc
518 976 593 1038 dixit
614 996 640 1038 r.
659 977 718 1038 110
741 977 773 1039 iu
792 977 1003 1040 Thebanorum
1025 981 1103 1040 terra
1125 997 1190 1041 esse
1213 977 1325 1059 antiqui
1347 976 1465 1039 sceleris

320 1075 475 1154 vestigium
499 1083 529 1136 et
551 1095 596 1137 vv.
615 1075 724 1156 lddsq.
747 1075 910 1138 homicidas
932 1076 1100 1158 puniendos
1122 1095 1202 1149 essm
1233 1075 1285 1156 qui
1309 1094 1376 1137 uero
1400 1077 1465 1136 tue-

318 1173 390 1242 rint,
413 1183 516 1234 utrum
531 1173 662 1238 Thebani
677 1193 715 1236 an
730 1175 888 1254 peregrini,
905 1176 1029 1237 omnino
1045 1194 1106 1238 non
1122 1175 1336 1238 enuntiaverat.
1374 1175 1465 1236 Recte

318 1270 407 1350 igitur
428 1273 551 1335 tertium
573 1274 653 1354 quod
676 1273 739 1336 tieri
762 1283 860 1354 potest
882 1275 1016 1338 additum
1039 1285 1093 1338 est.

403 1391 430 1432 v.
447 1370 518 1433 239.
551 1369 636 1454 pqdd
650 1372 788 1453 Elmslep,
811 1366 893 1456 μήτε
909 1375 958 1448 La,
981 1376 1061 1456 quod
1077 1375 1198 1456 prepter
1213 1383 1319 1455 quater
1333 1373 1463 1453 positum

318 1466 397 1552 μήτε
419 1471 491 1551 quin
514 1471 588 1534 falso
611 1472 756 1552 scriptum
780 1473 819 1535 sit
842 1473 969 1536 dubitari
991 1493 1053 1536 non
1075 1481 1189 1554 potcst3
1211 1491 1280 1536 nam
1302 1469 1387 1556 μηδέ
1408 1491 1464 1554 po-

317 1570 444 1632 stulatur
466 1569 623 1632 sententia.
1059 1573 1063 1580 ’

314 1695 337 1714 υ
403 1686 428 1726 r.
446 1665 517 1728 242.
562 1658 640 1749 ἡμίν
661 1668 790 1744 Brunck,
813 1665 894 1752 ἡμῖν
916 1669 1001 1732 codd.

402 1785 429 1826 v.
451 1764 522 1826 270.
567 1761 681 1839 αὐτοῖς
707 1768 805 1840 codd,
839 1761 944 1846 αὖθις
974 1767 1012 1830 Μ.
1036 1767 1185 1844 Schmidt,
1213 1767 1272 1850 γῆς
1293 1769 1462 1840 Vuuviliers,

316 1863 377 1948 γῆν
399 1865 486 1926 codd.
610 1871 613 1876 “
929 1887 932 1894 ’
1108 1868 1110 1874 ’

400 1983 428 2025 r.
445 1964 517 2026 248.
562 1961 688 2047 ὅμορον
710 1965 835 2038 Porsen,
859 1960 1001 2047 ἄμοιρον
1022 1965 1107 2028 codd.

401 2081 428 2123 v.
445 2061 516 2124 258.
555 2059 630 2124 ἐπεὶ
652 2062 739 2144 κυρῶ
763 2064 885 2138 darton,
909 2061 1057 2146 ἕπικυρῶ
1079 2063 1164 2126 codd.
1186 2057 1216 2124 τ’
1230 2063 1326 2135 codd,
1347 2055 1383 2140 γ’
1403 2063 1460 2125 Be-

314 2160 423 2222 nedict.

400 2279 427 2320 v,
443 2259 515 2324 261.
561 2259 629 2322 Non
655 2278 746 2322 ausus
777 2281 844 2323 sum
874 2269 989 2324 mutare
1016 2281 1091 2342 quac
1119 2261 1227 2324 tradita
1249 2267 1320 2322 sunt
1342 2259 1462 2322 κοινῶν

313 2379 352 2419 τε·
372 2355 507 2420 παίδων
522 2352 607 2420 κοίν’
631 2353 684 2432 ἄν,
708 2377 889 2440 quamquam
906 2360 1033 2422 maximo
1048 2361 1166 2440 placent
1183 2379 1258 2440 quae
1273 2359 1310 2420 tt.
1327 2359 1462 2422 Schmidt

314 2457 485 2518 emendavit
514 2455 572 2518 καὶ
597 2455 656 2520 νῦν
681 2477 727 2533 γε.
773 2457 830 2520 Pro
855 2454 941 2522 κοίν’
965 2454 1006 2521 ἄν
1029 2459 1130 2522 Nauck
1152 2451 1283 2541 κύματ’.
1327 2458 1364 2520 cf.
1387 2458 1460 2520 ntei-

312 2555 401 2638 nohe
424 2556 548 2618 analect.
564 2555 703 2636 Sophocl,
720 2576 748 2636 p.
765 2557 836 2618 224.

399 2673 424 2716 v.
442 2655 515 2716 264.
558 2645 635 2716 τάδ’
658 2656 754 2729 codd,
776 2650 870 2718 τοῦδ’
893 2656 1010 2734 Mudge.

327 2777 330 2782 ·
398 2771 425 2814 r.
441 2753 512 2816 266.
557 2748 657 2816 πάντ’
681 2755 776 2830 codd,
801 2753 871 2818 πᾶν
892 2755 1004 2818 Nauck.

333 2903 336 2910 a
398 2872 444 2915 vv.
460 2851 573 2933 26‘isq.
597 2854 688 2925 deleri
711 2854 801 2918 iussit
823 2855 944 2934 Burges.
990 2853 1048 2916 Sed
1077 2853 1123 2916 his
1146 2851 1280 2916 versibus
1301 2851 1458 2932 antiquum

312 2961 342 3012 et
364 2951 464 3013 nohile
485 2952 563 3031 regis
596 2953 686 3016 occisi
708 2971 801 3032 genus
824 2955 1060 3028 demonstratur,
1094 2953 1177 3016 cutus
1210 2967 1364 3014 successor
1395 2951 1459 3030 ipse

312 3050 441 3129 Oedipus
464 3057 520 3112 est.
565 3049 645 3112 Nova
666 3051 757 3130 igitur
779 3071 867 3114 causa
888 3053 1069 3133 adiungitur,
1099 3069 1191 3132 quare
1215 3050 1334 3112 caedem
1358 3050 1457 3112 ulcisci

310 3148 458 3227 obligatus
481 3148 528 3227 sit.

395 3248 536 3329 Exempla
558 3267 699 3311 versuum
722 3249 878 3330 Sophoclis
901 3250 1037 3313 inlibris
1060 3247 1269 3329 manuscriptis
1292 3247 1457 3329 transposi-

311 3351 422 3420 torum,
458 3357 491 3409 ut
524 3347 687 3410 certissima
719 3357 836 3411 tantum
871 3350 1018 3422 adorram,
1051 3356 1168 3428 praeter
1199 3347 1253 3410 alia
1276 3347 1349 3410 haee
1370 3356 1456 3409 sunt:

311 3445 401 3508 huius
431 3446 546 3508 tabulae
567 3465 611 3508 vr.
634 3447 811 3511 404--407
835 3448 878 3510 ah‘
893 3448 1013 3526 Eugero
1041 3445 1214 3526 transpositi
1244 3453 1312 3525 post
1334 3465 1361 3508 v.
1383 3444 1456 3508 428.

310 3543 368 3606 dd.
395 3565 439 3606 uv.
463 3542 642 3606 roo-480
663 3545 748 3607 aliter
770 3566 859 3626 quam
888 3545 997 3608 tradito
1021 3544 1329 3608 ordine‘coutinuavit
1351 3544 1457 3623 Bergk,

308 3644 404 3706 ciusd.
420 3643 479 3704 fah.
495 3662 541 3704 vu.
561 3641 769 3706 titt-1149
791 3644 897 3707 Thesei
924 3645 1089 3708 oraticnem
1113 3643 1301 3706 continentes
1322 3643 1403 3708 iuter
1424 3661 1457 3704 se
1589 3615 1592 3674 s

309 3744 494 3823 transposuit
509 3742 658 3806 Teurnior
672 3744 892 3824 Francogallus.
916 3746 983 3807 hut.
1000 3761 1043 3826 vr.
1058 3742 1119 3806 663
1129 3777 1152 3786 ψ
1165 3743 1226 3806 666
1242 3753 1271 3808 et
1286 3741 1453 3806 corz-671

306 3841 425 3904 inverso
457 3841 563 3902 ordine
595 3842 626 3904 in
659 3843 741 3906 libris
775 3844 924 3921 leguntur,
961 3841 1145 3922 transposuit
1178 3841 1302 3904 Seidter.
1351 3841 1455 3902 Trach.

306 3939 548 4003 1640οα404
572 3942 708 4004 ordinem
735 3942 864 4004 correxit
886 3941 996 4014 Nauck,
1027 3941 1119 4004 eiusd.
1135 3940 1194 4004 iah.
1212 3961 1255 4004 vr.
1273 3940 1336 4003 616
1351 3938 1455 4002 -623

308 4047 377 4118 post
400 4059 426 4101 v.
441 4039 506 4102 632
526 4040 606 4104 idern
630 4043 792 4104 collocavit.
1203 4049 1205 4056 ’

309 4179 313 4190 -
390 4139 470 4212 Quas
487 4143 628 4203 versuum
644 4140 903 4220 transpositiones,
928 4148 959 4202 ut
973 4138 1228 4219 interpolationes,
1249 4139 1284 4202 ab
1301 4137 1455 4202 histrioni-

306 4238 361 4305 hus
382 4239 520 4302 videntur
534 4241 684 4320 protectae
699 4258 776 4301 esse.
815 4238 917 4319 Neque
939 4237 1103 4300 enimcum
1121 4237 1243 4318 Lycurgi
1258 4237 1352 4317 legem
1375 4237 1453 4298 illam

305 4338 482 4418 respicimus
505 4336 642 4398 dubitare
664 4355 840 4416 possumus,
870 4338 941 4419 quin
970 4338 1001 4399 in
1028 4337 1136 4400 fabulis
1163 4336 1195 4398 in
1223 4354 1312 4398 scena
1332 4335 1455 4416 agendis

303 4433 463 4510 histriones
486 4453 603 4498 summa
625 4434 760 4498 libertate
783 4448 872 4518 atque
895 4455 1014 4500 summo
1037 4435 1159 4499 arbitrio
1183 4434 1229 4498 usi
1252 4435 1322 4498 sint.
1341 4489 1347 4500 ,
1367 4434 1454 4508 Quod
