3268 5072
655 305 876 370 -23-

200 482 309 544 Herod.
325 482 373 554 ΙΙΙ,
389 501 414 565 c.
431 481 482 553 42,
510 480 565 544 τὸν
598 479 635 544 δὲ
671 476 714 554 ιδς
747 478 872 564 ἐσῆλθε
894 483 993 544 θείαν
1020 480 1107 544 εἶναι
1129 479 1165 542 ιδ
1190 479 1337 563 πρῆγμα,

199 571 321 664 γράφει
337 589 403 654 etc,
424 580 473 640 Vll
488 599 513 641 ο.
528 580 579 653 46,
595 577 719 662 ἐσῆλθε
733 575 795 658 γάρ
816 599 857 662 με
876 575 1096 662 λογισάμενον
1117 588 1339 661 κατοικτεῖραι

200 675 243 752 oie
265 670 388 761 βραχδς
421 679 470 760 εἴη
505 673 523 740 δ
557 678 622 751 πᾶς
656 673 871 762 ἀνθρώπινος
893 679 978 759 βίος,
1013 677 1075 738 vlit
1091 697 1115 742 ο.
1131 675 1201 750 137,
1223 675 1280 741 τὸν
1302 674 1339 740 δὲ

199 774 388 842 ἀκούσαντα
414 775 538 860 ἐσῆλθε
564 771 683 842 αὐτίκα
706 774 748 852 dg
771 779 822 860 εἴη
844 779 940 860 τέρας
968 775 1024 839 καὶ
1046 777 1142 860 φέροι
1170 799 1213 838 τι.
1257 777 1339 840 Thu-

198 879 263 958 cyd.
278 877 315 939 ΙΙΙ
330 897 355 939 c.
371 875 421 950 61,
445 873 649 959 παρεστάναι
673 875 710 940 δὲ
732 875 867 960 μηδενὶ,
885 871 935 950 ,οἷς
958 871 990 938 οἳ
1013 873 1071 958 μὲν
1095 875 1228 958 Δωριῆς
1249 870 1354 958 ἡμῶν

199 974 356 1058 πολέμιοι
378 984 448 1049 τοϊς
465 971 680 1058 Ἀθηναίοις,
710 974 747 1040 ad
770 973 808 1040 δὲ
831 973 1037 1040 Χαλκιδικὸν
1064 975 1104 1061 τῇ
1121 971 1204 1038 Ἰάδι
1227 973 1339 1054 ξυννε-

199 1077 270 1154 νείρι
285 1070 444 1156 ἀσφαλές,
467 1095 492 1138 c.
509 1075 560 1147 95,
577 1074 730 1164 παραστῇ
752 1073 790 1140 dd
804 1072 921 1158 μηδενὶ
940 1069 1043 1156 ὑμῶν,
1067 1071 1110 1148 ste
1126 1071 1161 1136 ἓν
1181 1073 1220 1161 τῇ
1243 1069 1341 1138 ἄλλο·

198 1177 274 1259 τρία
297 1169 335 1237 od
358 1172 528 1258 προσῆκον
548 1165 690 1238 τοσόνδε
711 1172 865 1238 κίνδυνον
888 1168 1170 1257 ἀναῤῥιπτοῦμεν,
1193 1173 1231 1234 Vi
1246 1193 1272 1238 c.
1289 1173 1338 1246 78,

199 1273 254 1336 καὶ
278 1275 309 1336 τί
329 1293 374 1356 τῳ
398 1268 462 1356 ἄρα
485 1275 669 1356 παρέστηκε
695 1271 752 1336 τὸν
774 1271 834 1355 μὲν
856 1268 1073 1352 (Συρακόσιον,
1105 1268 1222 1336 ἑαυτὸν
1244 1267 1279 1334 δ’
1303 1267 1341 1336 οδ

198 1371 363 1456 πολέμιον
385 1372 472 1436 εἶναι
486 1371 533 1455 τῷ
546 1365 726 1455 Ἀθηναίῳ.
755 1373 889 1453 Xenoph.
907 1390 1032 1436 mernor.
1049 1373 1130 1436 Socr.
1148 1375 1185 1435 lV
1200 1393 1224 1436 c.
1241 1374 1260 1438 3
1277 1378 1296 1448 ξ
1311 1371 1340 1444 3,

199 1470 260 1555 ἤδη
285 1464 366 1534 ποτέ
387 1486 442 1534 σοι
457 1468 607 1554 ἐπῆλθεν
622 1469 877 1555 ἐνθυμηθῆναι,
898 1471 972 1536 Piat.
989 1472 1098 1534 Phaed.
1114 1492 1142 1553 p.
1158 1472 1239 1546 58E,
1256 1465 1340 1534 ὥστε

199 1592 258 1654 μοι
290 1569 414 1634 ἐκεῖνον
436 1572 667 1654 παρίστασθαι
690 1564 767 1654 μηδ’
793 1570 841 1644 εἷς
862 1565 978 1636 Ἅιδου
1012 1567 1105 1636 ίόντα
1140 1568 1218 1634 ἄνευ
1241 1573 1341 1644 θείας

200 1673 317 1753 μοίρας
351 1667 449 1746 ἰέναι,
484 1669 605 1751 ρ.88(],
628 1668 769 1754 καὶγὰρ
791 1663 894 1738 αὐτόν
915 1691 956 1752 με
979 1666 1038 1734 νῦν
1069 1663 1256 1734 ἀκούσαντά
1279 1685 1340 1735 σου

200 1769 350 1834 τοιοῦτον
372 1793 404 1832 τι
433 1765 541 1847 λέγειν
569 1768 651 1851 πρὸς
679 1768 820 1853 ἐμαυτὸν
848 1762 1032 1852 ἐπέρχεται.
1078 1770 1176 1850 Symp.
1194 1790 1223 1850 p.
1241 1768 1299 1832 197
1310 1769 1340 1841 C,

198 1863 370 1952 ἐπέρχεται
398 1862 436 1931 δέ
461 1871 519 1950 μοί
546 1892 578 1930 τι
607 1867 664 1932 καὶ
693 1866 853 1952 dispensae
880 1868 999 1932 εἰπεῖν.
1045 1869 1118 1932 Cum
1149 1869 1236 1949 igitur
1264 1888 1339 1948 quae

199 1969 285 2031 citari
307 1968 393 2032 verba
415 1968 582 2032 subiectum
611 1969 756 2032 infinitivo
784 1969 827 2030 rel
855 1975 916 2030 tota
940 1968 1143 2030 enuntiatione
1167 1987 1340 2048 expressum

200 2067 285 2148 sequi
306 2069 464 2148 patiantur,
489 2068 623 2130 dubitare
639 2085 700 2130 non
715 2087 873 2148 possumus
894 2067 966 2147 quin
989 2064 1075 2144 ἔχειν
1097 2075 1175 2130 recte
1197 2068 1255 2130 hoc
1276 2068 1341 2130 loco

201 2168 237 2230 de
267 2167 411 2228 sententia
439 2167 639 2247 praedicatum
667 2167 712 2228 sit.
758 2167 876 2230 Etenim
902 2166 928 2228 si
955 2167 1080 2237 chorum
1110 2167 1152 2228 sic
1179 2167 1259 2247 loqui
1288 2186 1340 2228 vo·

199 2265 311 2338 luisset,
333 2273 436 2345 poetae
452 2282 631 2345 componere
653 2264 784 2328 licuisset
800 2263 972 2348 intexeret
987 2286 1059 2347 μοι,
1084 2265 1265 2345 εἰσέρχεταί
1287 2288 1340 2348 με,

201 2365 404 2447 παρίσταταί
426 2383 484 2446 μοι
507 2360 635 2447 μήποτε
662 2360 767 2428 πελᾶν
790 2361 852 2426 κτὲ.
896 2365 962 2428 Non
992 2372 1092 2428 autem
1116 2366 1203 2438 haec,
1232 2366 1282 2427 sed
1310 2385 1342 2428 se

195 2463 293 2530 ,teneri
324 2481 357 2528 ee
384 2463 531 2526 sententia
553 2465 572 2526 i.
595 2484 619 2526 e.
642 2483 674 2525 se
704 2465 851 2528 confidere
874 2483 890 2525 a
912 2465 1004 2536 choro
1033 2464 1218 2546 pronuntiari
1239 2464 1340 2526 volout.

201 2563 302 2644 itaque
323 2581 448 2643 prorsus
469 2563 621 2626 adsentior
642 2563 813 2626 Hermanno
837 2564 1004 2628 adnotanti:
1030 2571 1105 2626 ‘nou
1129 2571 1174 2626 est
1195 2564 1341 2629 omissum

199 2662 249 2724 hic
271 2679 380 2724 nomen
404 2663 491 2740 quale
513 2669 558 2723 est
580 2657 709 2736 ἔννοια,
737 2663 789 2722 sed
816 2662 878 2742 ipsa
908 2663 956 2724 illa
987 2663 1124 2741 cogitatio
1148 2663 1341 2743 sequentihus

201 2761 297 2824 verbis
319 2778 455 2840 expressa
477 2769 531 2821 est.
576 2760 642 2822 Non
669 2769 714 2822 est
741 2760 830 2838 igitur
856 2761 1060 2841 recipiendum
1091 2780 1157 2824 curn
1183 2760 1341 2833 Wundero,

200 2860 339 2932 Nesactio,
363 2859 479 2920 Woliiio
502 2855 640 2942 θάρσος
654 2861 699 2922 vel
721 2856 867 2942 θράσος,
891 2879 1070 2941 quamquam
1093 2861 1138 2924 vel
1160 2860 1286 2924 maxime
1305 2881 1341 2922 eo

200 2958 434 3030 commendatur,
458 2959 538 3038 quod
559 2959 591 3020 in
613 2959 751 3038 strophae
774 2977 860 3020 versu
883 2959 934 3038 qui
955 2961 1119 3039 respondet
1141 2952 1260 3025 ὕπεστί
1282 2982 1340 3041 μοι

200 3051 331 3140 θράσος
352 3055 469 3136 legitur.
507 3057 566 3120 Sed
590 3075 681 3138 quum
704 3059 740 3120 iis
763 3078 838 3140 quae
860 3077 947 3140 supra
969 3059 1091 3139 exposui
1105 3060 1248 3139 probasse
1270 3061 1341 3122 mihi

200 3157 301 3218 videor
323 3155 466 3218 traditum
489 3151 525 3237 μ’
549 3153 616 3234 ἔχει
639 3158 803 3222 rectissime
832 3177 865 3220 sc
893 3157 999 3220 hahere
1022 3165 1052 3222 et
1074 3153 1203 3240 θράσος
1226 3167 1342 3222 tautum

200 3255 232 3316 in
254 3254 428 3334 apographis
442 3255 623 3328 inveniatur,
645 3275 734 3320 causa
750 3275 811 3320 non
828 3265 873 3318 est
889 3257 968 3336 quod
984 3257 1170 3338 recipiamus,
1194 3265 1227 3318 ut
1248 3259 1341 3337 legent

199 3356 278 3418 illam
305 3361 459 3434 poetarum
489 3373 547 3433 qua
574 3354 696 3434 ‘pariles
726 3355 757 3418 in
783 3355 922 3435 parilibus
951 3356 1022 3418 louis
1051 3375 1135 3420 voees
1164 3357 1284 3436 stropha
1313 3366 1342 3420 ct

201 3453 385 3533 antistropha
407 3452 576 3533 recipiunt,
599 3453 669 3516 huic
690 3453 754 3516 loco
776 3454 948 3518 inieramus.
986 3455 1071 3518 Aliud
1094 3456 1174 3520 enim
1197 3455 1342 3521 osthane

201 3553 296 3633 legem
319 3551 456 3614 traditam
483 3551 639 3616 observare
667 3554 711 3616 vei
734 3573 751 3616 e
773 3554 948 3616 certissimis
970 3554 1098 3633 vestigiis
1127 3555 1158 3616 in
1187 3555 1251 3618 loco
1275 3571 1340 3618 cor-

201 3660 288 3733 rupto
310 3651 477 3724 restituere,
500 3652 577 3714 aliud
600 3670 672 3714 sano
694 3653 739 3714 vel
761 3653 846 3714 aliter
868 3653 951 3716 facile
973 3654 1104 3716 meando
1128 3653 1284 3718 inculcare.

285 3752 433 3814 Lacunam
457 3752 536 3814 enim
558 3751 636 3814 illam
652 3751 744 3814 trium
759 3752 945 3833 syllabarum.
968 3771 1056 3832 quarn
1073 3754 1131 3815 hoc
1151 3753 1216 3816 Ιοοο
1238 3752 1341 3816 adesse

201 3851 402 3931 antistrophae
434 3850 521 3912 verba
556 3851 732 3924 ostendunt,
766 3851 939 3914 eParisino
961 3852 985 3912 Α
1007 3851 1149 3931 particula
1181 3845 1227 3932 μή
1260 3871 1341 3913 ποτε

201 3953 303 4016 iterata
326 3949 467 4030 explenda
489 3958 543 4012 est.
581 3951 611 4014 Ιδ
636 3951 715 4031 quod
730 3952 805 4014 Rud.
822 3969 940 4032 quoque
957 3950 1120 4014 Schneider
1135 3951 1232 4020 annal.
1249 3951 1338 4014 schol.

200 4052 296 4114 Berol.
320 4069 391 4114 ms.
410 4047 490 4114 1878
511 4069 541 4131 ρ.
563 4050 624 4114 119
646 4051 761 4130 prohat.
806 4050 930 4114 Multum
965 4050 1044 4112 enirn
1078 4049 1262 4129 geminatum
1296 4047 1341 4133 μή

201 4171 284 4216 ποτε
305 4150 341 4214 ad
364 4151 527 4230 augendam
544 4150 687 4214 orationis
704 4151 761 4214 vina
784 4159 814 4212 et
835 4150 1006 4231 gravitatem
1029 4150 1103 4214 valet
1121 4167 1218 4228 neque
1234 4150 1341 4214 desunt

201 4250 333 4330 exempla
345 4249 504 4314 verborum
515 4271 531 4312 a
543 4249 734 4314 Laurentiani
745 4251 873 4320 librario,
885 4248 909 4310 si
922 4249 966 4312 hie
979 4248 1131 4312 scribenda
1146 4257 1236 4322 erant,
1249 4251 1339 4312 semel
1386 4306 1389 4313 .

201 4350 388 4423 omissorum,
412 4351 448 4414 ci.
465 4351 506 4414 ΕΙ
523 4369 548 4412 v.
568 4347 657 4420 1234,
674 4350 748 4414 Phil.
766 4371 792 4412 v.
809 4348 869 4412 829
886 4355 941 4414 etc.
985 4349 1027 4412 De
1048 4347 1174 4412 Parisini
1197 4349 1218 4410 Α
1242 4356 1339 4411 autern

200 4449 377 4514 auctoritate
392 4450 430 4514 ci.
446 4469 521 4530 quae
535 4449 619 4512 initio
635 4449 724 4512 hhelli
739 4469 775 4512 ex
791 4448 964 4512 Schneideri
978 4448 1123 4512 sententia
1139 4447 1338 4528 exposuimus.
