<?xml version="1.0" encoding="UTF-8"?>
<!DOCTYPE html PUBLIC "-//W3C//DTD XHTML 1.0 Transitional//EN"
    "http://www.w3.org/TR/xhtml1/DTD/xhtml1-transitional.dtd">
<html xmlns="http://www.w3.org/1999/xhtml" xml:lang="en" lang="en">
 <head>
  <title>
</title>
<meta http-equiv="Content-Type" content="text/html;charset=utf-8" />
  <meta name='ocr-system' content='tesseract 3.04.00' />
  <meta name='ocr-capabilities' content='ocr_page ocr_carea ocr_par ocr_line ocrx_word'/>
</head>
<body>
  <div class='ocr_page' id='page_1' title='image "./emendationeseti00mlgoog_0078.png"; bbox 0 0 3266 5084; ppageno 0'>
   <div class='ocr_carea' id='block_1_1' title="bbox 679 312 898 374">
    <p class='ocr_par' dir='ltr' id='par_1_1' title="bbox 679 312 898 374">
     <span class='ocr_line' id='line_1_1' title="bbox 679 312 898 374; baseline -0.009 -16"><span class='ocrx_word' id='word_1_1' title='bbox 679 312 898 374; x_wconf 64' lang='lat'><strong>-73-</strong></span> 
     </span>
    </p>
   </div>
   <div class='ocr_carea' id='block_1_2' title="bbox 214 478 1543 668">
    <p class='ocr_par' dir='ltr' id='par_1_2' title="bbox 214 478 1543 668">
     <span class='ocr_line' id='line_1_2' title="bbox 299 478 1543 576; baseline -0.047 -26"><span class='ocrx_word' id='word_1_2' title='bbox 299 490 398 569; x_wconf 78' lang='lat' dir='ltr'><strong>Atque</strong></span> <span class='ocrx_word' id='word_1_3' title='bbox 419 490 548 569; x_wconf 91' lang='lat' dir='ltr'><strong>primum</strong></span> <span class='ocrx_word' id='word_1_4' title='bbox 572 489 690 570; x_wconf 88' lang='lat' dir='ltr'><strong>quidem</strong></span> <span class='ocrx_word' id='word_1_5' title='bbox 716 485 871 568; x_wconf 80' lang='lat' dir='ltr'><strong>genetivus</strong></span> <span class='ocrx_word' id='word_1_6' title='bbox 887 479 1087 569; x_wconf 42' lang='grc' dir='ltr'><strong><em>,Ἡρακλέους</em></strong></span> <span class='ocrx_word' id='word_1_7' title='bbox 1102 485 1240 550; x_wconf 86' lang='lat' dir='ltr'><strong>homines</strong></span> <span class='ocrx_word' id='word_1_8' title='bbox 1256 487 1360 576; x_wconf 68' lang='lat' dir='ltr'><strong>doctos</strong></span> <span class='ocrx_word' id='word_1_9' title='bbox 1422 481 1423 486; x_wconf 44' lang='lat'>¹</span> <span class='ocrx_word' id='word_1_10' title='bbox 1469 485 1474 492; x_wconf 84' lang='lat'><strong>·</strong></span> <span class='ocrx_word' id='word_1_11' title='bbox 1533 478 1543 492; x_wconf 91' lang='lat'><strong><em>.</em></strong></span> 
     </span>
     <span class='ocr_line' id='line_1_3' title="bbox 214 587 1477 668; baseline -0.011 -20"><span class='ocrx_word' id='word_1_12' title='bbox 214 589 297 649; x_wconf 83' lang='lat' dir='ltr'><strong>valde</strong></span> <span class='ocrx_word' id='word_1_13' title='bbox 319 588 451 650; x_wconf 81' lang='lat' dir='ltr'><strong>offendit.</strong></span> <span class='ocrx_word' id='word_1_14' title='bbox 497 589 563 650; x_wconf 89' lang='lat' dir='ltr'><strong>Non</strong></span> <span class='ocrx_word' id='word_1_15' title='bbox 593 588 673 650; x_wconf 92' lang='lat' dir='ltr'><strong>enim</strong></span> <span class='ocrx_word' id='word_1_16' title='bbox 703 587 841 668; x_wconf 84' lang='lat' dir='ltr'><strong>explicari</strong></span> <span class='ocrx_word' id='word_1_17' title='bbox 863 595 970 668; x_wconf 89' lang='lat' dir='ltr'><strong>potest,</strong></span> <span class='ocrx_word' id='word_1_18' title='bbox 1001 588 1083 650; x_wconf 90' lang='lat' dir='ltr'><strong>unde</strong></span> <span class='ocrx_word' id='word_1_19' title='bbox 1108 587 1264 666; x_wconf 77' lang='lat' dir='ltr'><strong>genetivus</strong></span> <span class='ocrx_word' id='word_1_20' title='bbox 1284 605 1359 667; x_wconf 89' lang='lat' dir='ltr'><strong>pen·</strong></span> <span class='ocrx_word' id='word_1_21' title='bbox 1411 593 1414 598; x_wconf 87' lang='lat'>·</span> <span class='ocrx_word' id='word_1_22' title='bbox 1475 623 1477 628; x_wconf 95' lang='lat'><em>.</em></span> 
     </span>
    </p>
   </div>
   <div class='ocr_carea' id='block_1_3' title="bbox 214 685 1419 1262">
    <p class='ocr_par' dir='ltr' id='par_1_3' title="bbox 214 685 1419 1262">
     <span class='ocr_line' id='line_1_4' title="bbox 214 685 1419 768; baseline -0.002 -20"><span class='ocrx_word' id='word_1_23' title='bbox 214 687 290 760; x_wconf 89' lang='lat' dir='ltr'><strong>deat,</strong></span> <span class='ocrx_word' id='word_1_24' title='bbox 313 705 410 768; x_wconf 88' lang='lat' dir='ltr'><strong>neque</strong></span> <span class='ocrx_word' id='word_1_25' title='bbox 432 687 615 750; x_wconf 90' lang='lat' dir='ltr'><strong>accusativus</strong></span> <span class='ocrx_word' id='word_1_26' title='bbox 639 687 671 748; x_wconf 89' lang='lat' dir='ltr'><strong>in</strong></span> <span class='ocrx_word' id='word_1_27' title='bbox 695 686 796 766; x_wconf 81' lang='lat' dir='ltr'>paucis</span> <span class='ocrx_word' id='word_1_28' title='bbox 819 687 996 766; x_wconf 83' lang='lat' dir='ltr'><strong>apographis</strong></span> <span class='ocrx_word' id='word_1_29' title='bbox 1020 695 1171 750; x_wconf 86' lang='lat' dir='ltr'><strong>correctus</strong></span> <span class='ocrx_word' id='word_1_30' title='bbox 1201 685 1360 766; x_wconf 86' lang='lat' dir='ltr'><strong>quicquam</strong></span> <span class='ocrx_word' id='word_1_31' title='bbox 1417 762 1419 766; x_wconf 23' lang='grc' dir='ltr'>Ι</span> 
     </span>
     <span class='ocr_line' id='line_1_5' title="bbox 214 784 1360 866; baseline 0 -20"><span class='ocrx_word' id='word_1_32' title='bbox 214 785 398 847; x_wconf 79' lang='lat' dir='ltr'><strong>auctoritatis</strong></span> <span class='ocrx_word' id='word_1_33' title='bbox 431 784 527 847; x_wconf 89' lang='lat' dir='ltr'><strong>babet.</strong></span> <span class='ocrx_word' id='word_1_34' title='bbox 583 784 736 846; x_wconf 81' lang='lat' dir='ltr'><strong>Glossema</strong></span> <span class='ocrx_word' id='word_1_35' title='bbox 769 784 861 864; x_wconf 84' lang='lat' dir='ltr'><strong>igitur</strong></span> <span class='ocrx_word' id='word_1_36' title='bbox 894 804 957 847; x_wconf 91' lang='lat' dir='ltr'><strong>esse</strong></span> <span class='ocrx_word' id='word_1_37' title='bbox 991 785 1124 866; x_wconf 85' lang='lat' dir='ltr'><strong>plerique</strong></span> <span class='ocrx_word' id='word_1_38' title='bbox 1160 785 1360 864; x_wconf 82' lang='lat' dir='ltr'><strong>interpretum</strong></span> 
     </span>
     <span class='ocr_line' id='line_1_6' title="bbox 215 881 1362 964; baseline -0.001 -19"><span class='ocrx_word' id='word_1_39' title='bbox 215 892 392 946; x_wconf 87' lang='lat' dir='ltr'><strong>statuerunt.</strong></span> <span class='ocrx_word' id='word_1_40' title='bbox 437 884 522 946; x_wconf 89' lang='lat' dir='ltr'><strong>Solus</strong></span> <span class='ocrx_word' id='word_1_41' title='bbox 556 883 634 963; x_wconf 92' lang='lat' dir='ltr'><strong>quod</strong></span> <span class='ocrx_word' id='word_1_42' title='bbox 669 882 762 946; x_wconf 89' lang='lat' dir='ltr'><strong>sciam</strong></span> <span class='ocrx_word' id='word_1_43' title='bbox 784 881 937 945; x_wconf 81' lang='lat' dir='ltr'><strong>Wecklein</strong></span> <span class='ocrx_word' id='word_1_44' title='bbox 970 883 1105 964; x_wconf 86' lang='lat' dir='ltr'><strong>genetivo</strong></span> <span class='ocrx_word' id='word_1_45' title='bbox 1135 891 1254 945; x_wconf 86' lang='lat' dir='ltr'><strong>serrato</strong></span> <span class='ocrx_word' id='word_1_46' title='bbox 1282 884 1362 964; x_wconf 77' lang='grc' dir='ltr'><strong><em>βίαν</em></strong></span> 
     </span>
     <span class='ocr_line' id='line_1_7' title="bbox 214 981 1360 1064; baseline -0.001 -19"><span class='ocrx_word' id='word_1_47' title='bbox 214 983 340 1064; x_wconf 87' lang='lat' dir='ltr'><strong>explerit</strong></span> <span class='ocrx_word' id='word_1_48' title='bbox 361 983 479 1055; x_wconf 91' lang='lat' dir='ltr'><strong>dubius,</strong></span> <span class='ocrx_word' id='word_1_49' title='bbox 502 981 572 1062; x_wconf 92' lang='lat' dir='ltr'><strong>quid</strong></span> <span class='ocrx_word' id='word_1_50' title='bbox 597 981 675 1043; x_wconf 92' lang='lat' dir='ltr'><strong>aliud</strong></span> <span class='ocrx_word' id='word_1_51' title='bbox 699 982 867 1046; x_wconf 88' lang='lat' dir='ltr'><strong>addendum</strong></span> <span class='ocrx_word' id='word_1_52' title='bbox 891 990 977 1056; x_wconf 83' lang='lat' dir='ltr'><strong>esset.</strong></span> <span class='ocrx_word' id='word_1_53' title='bbox 1016 983 1119 1063; x_wconf 90' lang='lat' dir='ltr'><strong>Neque</strong></span> <span class='ocrx_word' id='word_1_54' title='bbox 1135 981 1235 1044; x_wconf 87' lang='lat' dir='ltr'><strong>minus</strong></span> <span class='ocrx_word' id='word_1_55' title='bbox 1250 981 1360 1044; x_wconf 86' lang='lat' dir='ltr'><strong>incerta</strong></span> 
     </span>
     <span class='ocr_line' id='line_1_8' title="bbox 216 1077 1363 1163; baseline 0 -22"><span class='ocrx_word' id='word_1_56' title='bbox 216 1078 359 1144; x_wconf 90' lang='lat' dir='ltr'><strong>Wunderi</strong></span> <span class='ocrx_word' id='word_1_57' title='bbox 381 1088 433 1143; x_wconf 89' lang='lat' dir='ltr'><strong>aut</strong></span> <span class='ocrx_word' id='word_1_58' title='bbox 454 1080 587 1141; x_wconf 86' lang='lat' dir='ltr'><strong>Dindorfi</strong></span> <span class='ocrx_word' id='word_1_59' title='bbox 608 1080 814 1160; x_wconf 90' lang='lat' dir='ltr'><strong>supplementa</strong></span> <span class='ocrx_word' id='word_1_60' title='bbox 836 1089 918 1143; x_wconf 90' lang='lat' dir='ltr'><strong>sunt.</strong></span> <span class='ocrx_word' id='word_1_61' title='bbox 962 1081 1035 1144; x_wconf 88' lang='lat' dir='ltr'><strong>Nam</strong></span> <span class='ocrx_word' id='word_1_62' title='bbox 1060 1079 1167 1163; x_wconf 81' lang='grc' dir='ltr'><strong><em>Ζηνὸς</em></strong></span> <span class='ocrx_word' id='word_1_63' title='bbox 1189 1077 1288 1161; x_wconf 83' lang='grc' dir='ltr'><strong><em>κόρον</em></strong></span> <span class='ocrx_word' id='word_1_64' title='bbox 1309 1088 1363 1142; x_wconf 88' lang='lat' dir='ltr'><strong>aut</strong></span> 
     </span>
     <span class='ocr_line' id='line_1_9' title="bbox 215 1173 1362 1262; baseline 0 -21"><span class='ocrx_word' id='word_1_65' title='bbox 215 1177 324 1262; x_wconf 77' lang='grc' dir='ltr'><strong><em>’Ζηνὸς</em></strong></span> <span class='ocrx_word' id='word_1_66' title='bbox 346 1173 464 1260; x_wconf 73' lang='grc' dir='ltr'><strong><em>πέλωρ’</em></strong></span> <span class='ocrx_word' id='word_1_67' title='bbox 487 1178 645 1240; x_wconf 88' lang='lat' dir='ltr'><strong>incertiora</strong></span> <span class='ocrx_word' id='word_1_68' title='bbox 667 1197 734 1240; x_wconf 90' lang='lat' dir='ltr'><strong>esse</strong></span> <span class='ocrx_word' id='word_1_69' title='bbox 757 1178 854 1258; x_wconf 86' lang='lat' dir='ltr'><strong>quivis</strong></span> <span class='ocrx_word' id='word_1_70' title='bbox 877 1180 1028 1258; x_wconf 89' lang='lat' dir='ltr'><strong>intellegat</strong></span> <span class='ocrx_word' id='word_1_71' title='bbox 1044 1197 1167 1242; x_wconf 89' lang='lat' dir='ltr'><strong>necesse</strong></span> <span class='ocrx_word' id='word_1_72' title='bbox 1189 1188 1236 1241; x_wconf 90' lang='lat' dir='ltr'><strong>est</strong></span> <span class='ocrx_word' id='word_1_73' title='bbox 1257 1186 1286 1240; x_wconf 87' lang='lat' dir='ltr'><strong>et</strong></span> <span class='ocrx_word' id='word_1_74' title='bbox 1300 1187 1362 1248; x_wconf 85' lang='lat' dir='ltr'><strong>tam</strong></span> 
     </span>
    </p>
   </div>
   <div class='ocr_carea' id='block_1_4' title="bbox 123 1276 1361 1358">
    <p class='ocr_par' dir='ltr' id='par_1_4' title="bbox 123 1276 1361 1358">
     <span class='ocr_line' id='line_1_10' title="bbox 123 1276 1361 1358; baseline 0 -18"><span class='ocrx_word' id='word_1_75' title='bbox 123 1286 125 1300; x_wconf 89' lang='lat'>&#39;</span> <span class='ocrx_word' id='word_1_76' title='bbox 216 1278 411 1358; x_wconf 72' lang='lat' dir='ltr'><strong>singularium</strong></span> <span class='ocrx_word' id='word_1_77' title='bbox 453 1295 560 1340; x_wconf 89' lang='lat' dir='ltr'><strong>vocum</strong></span> <span class='ocrx_word' id='word_1_78' title='bbox 603 1276 865 1356; x_wconf 78' lang='lat' dir='ltr'><strong>interpretationes</strong></span> <span class='ocrx_word' id='word_1_79' title='bbox 907 1277 1133 1341; x_wconf 89' lang='lat' dir='ltr'><strong>scholiastarum</strong></span> <span class='ocrx_word' id='word_1_80' title='bbox 1171 1277 1361 1340; x_wconf 79' lang='lat' dir='ltr'><strong>exstitissent.</strong></span> 
     </span>
    </p>
   </div>
   <div class='ocr_carea' id='block_1_5' title="bbox 213 1373 1362 2048">
    <p class='ocr_par' dir='ltr' id='par_1_5' title="bbox 213 1373 1362 2048">
     <span class='ocr_line' id='line_1_11' title="bbox 217 1373 1362 1438; baseline 0.001 -1"><span class='ocrx_word' id='word_1_81' title='bbox 217 1373 295 1437; x_wconf 85' lang='lat' dir='ltr'><strong>Nihil</strong></span> <span class='ocrx_word' id='word_1_82' title='bbox 322 1383 420 1436; x_wconf 87' lang='lat' dir='ltr'><strong>autern</strong></span> <span class='ocrx_word' id='word_1_83' title='bbox 455 1375 485 1435; x_wconf 91' lang='lat' dir='ltr'><strong>hi</strong></span> <span class='ocrx_word' id='word_1_84' title='bbox 519 1375 550 1436; x_wconf 91' lang='lat' dir='ltr'><strong>in</strong></span> <span class='ocrx_word' id='word_1_85' title='bbox 580 1375 753 1437; x_wconf 82' lang='lat' dir='ltr'><strong>enarrandis</strong></span> <span class='ocrx_word' id='word_1_86' title='bbox 780 1375 914 1438; x_wconf 85' lang='lat' dir='ltr'><strong>versibus</strong></span> <span class='ocrx_word' id='word_1_87' title='bbox 943 1375 1005 1438; x_wconf 84' lang='grc'><strong>854</strong></span> <span class='ocrx_word' id='word_1_88' title='bbox 1033 1385 1063 1437; x_wconf 91' lang='lat' dir='ltr'><strong>et</strong></span> <span class='ocrx_word' id='word_1_89' title='bbox 1092 1376 1152 1438; x_wconf 82' lang='lat'><strong>855</strong></span> <span class='ocrx_word' id='word_1_90' title='bbox 1187 1377 1224 1438; x_wconf 90' lang='lat' dir='ltr'><strong>de</strong></span> <span class='ocrx_word' id='word_1_91' title='bbox 1256 1377 1362 1438; x_wconf 91' lang='lat' dir='ltr'><strong>talibus</strong></span> 
     </span>
     <span class='ocr_line' id='line_1_12' title="bbox 217 1473 1362 1555; baseline 0.003 -21"><span class='ocrx_word' id='word_1_92' title='bbox 217 1473 337 1536; x_wconf 88' lang='lat' dir='ltr'><strong>vocibus</strong></span> <span class='ocrx_word' id='word_1_93' title='bbox 360 1473 542 1553; x_wconf 84' lang='lat' dir='ltr'><strong>explicarunt</strong></span> <span class='ocrx_word' id='word_1_94' title='bbox 570 1483 600 1534; x_wconf 92' lang='lat' dir='ltr'><strong>et</strong></span> <span class='ocrx_word' id='word_1_95' title='bbox 625 1474 699 1535; x_wconf 87' lang='lat' dir='ltr'><strong>haec</strong></span> <span class='ocrx_word' id='word_1_96' title='bbox 720 1473 809 1535; x_wconf 85' lang='lat' dir='ltr'><strong>verba</strong></span> <span class='ocrx_word' id='word_1_97' title='bbox 832 1474 915 1536; x_wconf 91' lang='lat' dir='ltr'><strong>chori</strong></span> <span class='ocrx_word' id='word_1_98' title='bbox 938 1475 972 1537; x_wconf 93' lang='lat' dir='ltr'><strong>ad</strong></span> <span class='ocrx_word' id='word_1_99' title='bbox 996 1475 1152 1538; x_wconf 89' lang='lat' dir='ltr'><strong>Herculem</strong></span> <span class='ocrx_word' id='word_1_100' title='bbox 1174 1474 1280 1536; x_wconf 80' lang='lat' dir='ltr'><strong>referri</strong></span> <span class='ocrx_word' id='word_1_101' title='bbox 1307 1494 1362 1555; x_wconf 82' lang='lat' dir='ltr'><strong>per</strong></span> 
     </span>
     <span class='ocr_line' id='line_1_13' title="bbox 213 1571 1361 1653; baseline 0 -19"><span class='ocrx_word' id='word_1_102' title='bbox 213 1591 249 1634; x_wconf 89' lang='lat' dir='ltr'><strong>se</strong></span> <span class='ocrx_word' id='word_1_103' title='bbox 271 1571 459 1650; x_wconf 90' lang='lat' dir='ltr'><strong>intellegitur.</strong></span> <span class='ocrx_word' id='word_1_104' title='bbox 504 1571 606 1651; x_wconf 90' lang='lat' dir='ltr'><strong>ltaque</strong></span> <span class='ocrx_word' id='word_1_105' title='bbox 627 1571 688 1633; x_wconf 85' lang='lat' dir='ltr'><strong>reri</strong></span> <span class='ocrx_word' id='word_1_106' title='bbox 710 1572 806 1634; x_wconf 91' lang='lat' dir='ltr'><strong>simile</strong></span> <span class='ocrx_word' id='word_1_107' title='bbox 833 1590 895 1634; x_wconf 93' lang='lat' dir='ltr'><strong>non</strong></span> <span class='ocrx_word' id='word_1_108' title='bbox 924 1581 971 1634; x_wconf 90' lang='lat' dir='ltr'><strong>est</strong></span> <span class='ocrx_word' id='word_1_109' title='bbox 992 1573 1051 1634; x_wconf 91' lang='lat' dir='ltr'><strong>tale</strong></span> <span class='ocrx_word' id='word_1_110' title='bbox 1073 1572 1146 1653; x_wconf 89' lang='lat' dir='ltr'><strong>quid</strong></span> <span class='ocrx_word' id='word_1_111' title='bbox 1168 1573 1361 1646; x_wconf 85' lang='lat' dir='ltr'><strong>intercidisse,</strong></span> 
     </span>
     <span class='ocr_line' id='line_1_14' title="bbox 216 1670 1362 1751; baseline 0.002 -19"><span class='ocrx_word' id='word_1_112' title='bbox 216 1671 268 1733; x_wconf 87' lang='lat' dir='ltr'><strong>sad</strong></span> <span class='ocrx_word' id='word_1_113' title='bbox 291 1671 385 1732; x_wconf 85' lang='lat' dir='ltr'><strong>multe</strong></span> <span class='ocrx_word' id='word_1_114' title='bbox 406 1671 468 1732; x_wconf 85' lang='lat' dir='ltr'><strong>reri</strong></span> <span class='ocrx_word' id='word_1_115' title='bbox 496 1670 632 1742; x_wconf 86' lang='lat' dir='ltr'><strong>similius,</strong></span> <span class='ocrx_word' id='word_1_116' title='bbox 664 1680 696 1732; x_wconf 93' lang='lat' dir='ltr'><strong>ut</strong></span> <span class='ocrx_word' id='word_1_117' title='bbox 723 1689 810 1751; x_wconf 87' lang='lat' dir='ltr'><strong>saepe</strong></span> <span class='ocrx_word' id='word_1_118' title='bbox 833 1672 944 1734; x_wconf 85' lang='lat' dir='ltr'><strong>lactum</strong></span> <span class='ocrx_word' id='word_1_119' title='bbox 967 1690 1033 1734; x_wconf 88' lang='lat' dir='ltr'><strong>essa</strong></span> <span class='ocrx_word' id='word_1_120' title='bbox 1060 1671 1143 1733; x_wconf 92' lang='lat' dir='ltr'><strong>libris</strong></span> <span class='ocrx_word' id='word_1_121' title='bbox 1174 1672 1287 1734; x_wconf 89' lang='lat' dir='ltr'><strong>collatis</strong></span> <span class='ocrx_word' id='word_1_122' title='bbox 1309 1672 1362 1734; x_wconf 86' lang='lat' dir='ltr'><strong>de·</strong></span> 
     </span>
     <span class='ocr_line' id='line_1_15' title="bbox 218 1769 1362 1850; baseline -0.002 -18"><span class='ocrx_word' id='word_1_123' title='bbox 218 1775 412 1841; x_wconf 87' lang='lat' dir='ltr'><strong>monstratur,</strong></span> <span class='ocrx_word' id='word_1_124' title='bbox 435 1770 552 1830; x_wconf 87' lang='lat' dir='ltr'><strong>voculas</strong></span> <span class='ocrx_word' id='word_1_125' title='bbox 574 1769 716 1849; x_wconf 85' lang='lat' dir='ltr'><strong>quasdam</strong></span> <span class='ocrx_word' id='word_1_126' title='bbox 739 1770 784 1830; x_wconf 87' lang='lat' dir='ltr'><strong>vel</strong></span> <span class='ocrx_word' id='word_1_127' title='bbox 805 1769 943 1850; x_wconf 80' lang='lat' dir='ltr'><strong>syllabas,</strong></span> <span class='ocrx_word' id='word_1_128' title='bbox 968 1789 1043 1850; x_wconf 89' lang='lat' dir='ltr'><strong>quae</strong></span> <span class='ocrx_word' id='word_1_129' title='bbox 1064 1769 1151 1832; x_wconf 78' lang='lat' dir='ltr'><strong>facile</strong></span> <span class='ocrx_word' id='word_1_130' title='bbox 1167 1769 1362 1850; x_wconf 86' lang='lat' dir='ltr'><strong>praetermitti</strong></span> 
     </span>
     <span class='ocr_line' id='line_1_16' title="bbox 217 1861 1361 1948; baseline -0.001 -19"><span class='ocrx_word' id='word_1_131' title='bbox 217 1877 380 1948; x_wconf 88' lang='lat' dir='ltr'><strong>potuerunt</strong></span> <span class='ocrx_word' id='word_1_132' title='bbox 402 1885 418 1928; x_wconf 93' lang='lat' dir='ltr'><strong>a</strong></span> <span class='ocrx_word' id='word_1_133' title='bbox 441 1867 577 1929; x_wconf 86' lang='lat' dir='ltr'><strong>librariis.</strong></span> <span class='ocrx_word' id='word_1_134' title='bbox 615 1869 717 1929; x_wconf 88' lang='lat' dir='ltr'><strong>Deleto</strong></span> <span class='ocrx_word' id='word_1_135' title='bbox 738 1867 829 1947; x_wconf 88' lang='lat' dir='ltr'><strong>igitur</strong></span> <span class='ocrx_word' id='word_1_136' title='bbox 850 1867 991 1946; x_wconf 86' lang='lat' dir='ltr'><strong>genetivo·</strong></span> <span class='ocrx_word' id='word_1_137' title='bbox 1008 1861 1203 1948; x_wconf 66' lang='grc' dir='ltr'><strong><em>Ἡρακλέους</em></strong></span> <span class='ocrx_word' id='word_1_138' title='bbox 1218 1886 1235 1928; x_wconf 87' lang='lat' dir='ltr'><strong>e</strong></span> <span class='ocrx_word' id='word_1_139' title='bbox 1249 1867 1361 1946; x_wconf 89' lang='lat' dir='ltr'><strong>glosse-</strong></span> 
     </span>
     <span class='ocr_line' id='line_1_17' title="bbox 219 1961 769 2048; baseline -0.002 -19"><span class='ocrx_word' id='word_1_140' title='bbox 219 1975 297 2029; x_wconf 89' lang='lat' dir='ltr'><strong>mate</strong></span> <span class='ocrx_word' id='word_1_141' title='bbox 316 1961 476 2048; x_wconf 77' lang='grc' dir='ltr'><strong><em>Ἡρακλέα</em></strong></span> <span class='ocrx_word' id='word_1_142' title='bbox 499 1973 566 2028; x_wconf 92' lang='lat' dir='ltr'><strong>orto</strong></span> <span class='ocrx_word' id='word_1_143' title='bbox 587 1966 769 2030; x_wconf 88' lang='lat' dir='ltr'><strong>restituerim</strong></span> 
     </span>
    </p>
   </div>
   <div class='ocr_carea' id='block_1_6' title="bbox 320 2109 1127 2300">
    <p class='ocr_par' dir='ltr' id='par_1_6' title="bbox 320 2109 1127 2300">
     <span class='ocr_line' id='line_1_18' title="bbox 321 2109 938 2197; baseline -0.002 -17"><span class='ocrx_word' id='word_1_144' title='bbox 321 2120 452 2197; x_wconf 79' lang='grc' dir='ltr'><strong><em>κέχυται</em></strong></span> <span class='ocrx_word' id='word_1_145' title='bbox 476 2111 584 2192; x_wconf 80' lang='grc' dir='ltr'><strong><em>νόσος,</em></strong></span> <span class='ocrx_word' id='word_1_146' title='bbox 609 2111 634 2180; x_wconf 81' lang='grc' dir='ltr'><em>ὦ</em></span> <span class='ocrx_word' id='word_1_147' title='bbox 658 2113 779 2192; x_wconf 77' lang='grc' dir='ltr'><strong><em>πόποι,</em></strong></span> <span class='ocrx_word' id='word_1_148' title='bbox 803 2114 876 2180; x_wconf 80' lang='grc' dir='ltr'><strong><em>οἷον</em></strong></span> <span class='ocrx_word' id='word_1_149' title='bbox 897 2109 938 2188; x_wconf 83' lang='grc' dir='ltr'><strong>ἒξ</strong></span> 
     </span>
     <span class='ocr_line' id='line_1_19' title="bbox 320 2207 1127 2300; baseline -0.002 -22"><span class='ocrx_word' id='word_1_150' title='bbox 320 2211 489 2297; x_wconf 82' lang='grc' dir='ltr'><strong><em>ἇναρσίων</em></strong></span> <span class='ocrx_word' id='word_1_151' title='bbox 511 2211 700 2280; x_wconf 75' lang='grc' dir='ltr'><strong><em>οὐπώποτ’</em></strong></span> <span class='ocrx_word' id='word_1_152' title='bbox 724 2212 837 2300; x_wconf 81' lang='grc' dir='ltr'><strong><em>ἄνδρ’</em></strong></span> <span class='ocrx_word' id='word_1_153' title='bbox 860 2207 1054 2295; x_wconf 75' lang='grc' dir='ltr'><strong><em>οἶγακλεπόν</em></strong></span> <span class='ocrx_word' id='word_1_154' title='bbox 1075 2250 1127 2276; x_wconf 95' lang='grc'><strong>-.</strong></span> 
     </span>
    </p>
   </div>
   <div class='ocr_carea' id='block_1_7' title="bbox 215 2370 1368 4522">
    <p class='ocr_par' dir='ltr' id='par_1_7' title="bbox 215 2370 1364 2537">
     <span class='ocr_line' id='line_1_20' title="bbox 218 2370 1364 2454; baseline -0.004 -19"><span class='ocrx_word' id='word_1_155' title='bbox 218 2374 334 2447; x_wconf 82' lang='lat' dir='ltr'><strong>Quibus</strong></span> <span class='ocrx_word' id='word_1_156' title='bbox 368 2375 463 2436; x_wconf 91' lang='lat' dir='ltr'><strong>tribus</strong></span> <span class='ocrx_word' id='word_1_157' title='bbox 496 2374 614 2454; x_wconf 82' lang='lat' dir='ltr'><strong>syllabis</strong></span> <span class='ocrx_word' id='word_1_158' title='bbox 640 2373 784 2454; x_wconf 87' lang='lat' dir='ltr'><strong>suppletis</strong></span> <span class='ocrx_word' id='word_1_159' title='bbox 806 2372 1030 2435; x_wconf 89' lang='lat' dir='ltr'><strong>concedendum</strong></span> <span class='ocrx_word' id='word_1_160' title='bbox 1058 2379 1104 2433; x_wconf 90' lang='lat' dir='ltr'><strong>est</strong></span> <span class='ocrx_word' id='word_1_161' title='bbox 1133 2379 1163 2432; x_wconf 93' lang='lat' dir='ltr'><strong>et</strong></span> <span class='ocrx_word' id='word_1_162' title='bbox 1186 2370 1364 2434; x_wconf 88' lang='lat' dir='ltr'><strong>seutentiam</strong></span> 
     </span>
     <span class='ocr_line' id='line_1_21' title="bbox 215 2468 992 2537; baseline -0.003 -4"><span class='ocrx_word' id='word_1_163' title='bbox 215 2468 376 2535; x_wconf 84' lang='lat' dir='ltr'><strong>&#39;verborum</strong></span> <span class='ocrx_word' id='word_1_164' title='bbox 399 2479 563 2537; x_wconf 84' lang='lat' dir='ltr'><strong>reclamet</strong></span> <span class='ocrx_word' id='word_1_165' title='bbox 586 2479 681 2534; x_wconf 89' lang='lat' dir='ltr'><strong>metro</strong></span> <span class='ocrx_word' id='word_1_166' title='bbox 704 2472 888 2532; x_wconf 83' lang='lat' dir='ltr'><strong>satisfactum</strong></span> <span class='ocrx_word' id='word_1_167' title='bbox 913 2489 992 2532; x_wconf 69' lang='lat' dir='ltr'><strong>esse.⁴</strong></span> 
     </span>
    </p>

    <p class='ocr_par' dir='ltr' id='par_1_8' title="bbox 307 2567 926 2645">
     <span class='ocr_line' id='line_1_22' title="bbox 307 2567 926 2645; baseline -0.005 -14"><span class='ocrx_word' id='word_1_168' title='bbox 307 2591 349 2631; x_wconf 89' lang='lat' dir='ltr'><strong>vv.</strong></span> <span class='ocrx_word' id='word_1_169' title='bbox 366 2570 545 2632; x_wconf 76' lang='lat' dir='ltr'><strong>stt-970.</strong></span> <span class='ocrx_word' id='word_1_170' title='bbox 577 2573 633 2643; x_wconf 79' lang='lat' dir='ltr'><strong>(vv.</strong></span> <span class='ocrx_word' id='word_1_171' title='bbox 650 2567 722 2630; x_wconf 75' lang='lat'>958.</span> <span class='ocrx_word' id='word_1_172' title='bbox 746 2569 818 2630; x_wconf 81' lang='lat'><strong>961.</strong></span> <span class='ocrx_word' id='word_1_173' title='bbox 842 2567 926 2645; x_wconf 79' lang='lat'><strong>964).</strong></span> 
     </span>
    </p>

    <p class='ocr_par' dir='ltr' id='par_1_9' title="bbox 220 2665 1368 4522">
     <span class='ocr_line' id='line_1_23' title="bbox 308 2665 1366 2743; baseline -0.004 -13"><span class='ocrx_word' id='word_1_174' title='bbox 308 2671 408 2743; x_wconf 83' lang='lat' dir='ltr'><strong>Quum</strong></span> <span class='ocrx_word' id='word_1_175' title='bbox 441 2668 542 2730; x_wconf 89' lang='lat' dir='ltr'><strong>nutrix</strong></span> <span class='ocrx_word' id='word_1_176' title='bbox 577 2667 730 2729; x_wconf 85' lang='lat' dir='ltr'><strong>Deianirae</strong></span> <span class='ocrx_word' id='word_1_177' title='bbox 767 2674 895 2728; x_wconf 87' lang='lat' dir='ltr'><strong>mortem</strong></span> <span class='ocrx_word' id='word_1_178' title='bbox 928 2666 1122 2727; x_wconf 89' lang='lat' dir='ltr'><strong>voluntariam</strong></span> <span class='ocrx_word' id='word_1_179' title='bbox 1160 2665 1366 2737; x_wconf 87' lang='lat' dir='ltr'><strong>nuntiavisset,</strong></span> 
     </span>
     <span class='ocr_line' id='line_1_24' title="bbox 221 2763 1365 2847; baseline -0.003 -19"><span class='ocrx_word' id='word_1_180' title='bbox 221 2767 329 2829; x_wconf 85' lang='lat' dir='ltr'><strong>chorus</strong></span> <span class='ocrx_word' id='word_1_181' title='bbox 352 2769 468 2840; x_wconf 89' lang='lat' dir='ltr'><strong>dubius,</strong></span> <span class='ocrx_word' id='word_1_182' title='bbox 497 2785 572 2847; x_wconf 86' lang='lat' dir='ltr'><strong>quae</strong></span> <span class='ocrx_word' id='word_1_183' title='bbox 601 2767 675 2828; x_wconf 87' lang='lat' dir='ltr'><strong>mala</strong></span> <span class='ocrx_word' id='word_1_184' title='bbox 698 2765 781 2846; x_wconf 89' lang='lat' dir='ltr'><strong>prius</strong></span> <span class='ocrx_word' id='word_1_185' title='bbox 804 2773 912 2845; x_wconf 84' lang='lat' dir='ltr'><strong>gemat,</strong></span> <span class='ocrx_word' id='word_1_186' title='bbox 940 2774 1041 2828; x_wconf 91' lang='lat' dir='ltr'><strong>utrum</strong></span> <span class='ocrx_word' id='word_1_187' title='bbox 1065 2763 1226 2825; x_wconf 90' lang='lat' dir='ltr'><strong>domestica</strong></span> <span class='ocrx_word' id='word_1_188' title='bbox 1253 2781 1291 2825; x_wconf 89' lang='lat' dir='ltr'><strong>an</strong></span> <span class='ocrx_word' id='word_1_189' title='bbox 1315 2764 1365 2824; x_wconf 86' lang='lat' dir='ltr'><strong>io-</strong></span> 
     </span>
     <span class='ocr_line' id='line_1_25' title="bbox 221 2863 1364 2944; baseline -0.004 -17"><span class='ocrx_word' id='word_1_190' title='bbox 221 2867 334 2940; x_wconf 89' lang='lat' dir='ltr'><strong>rensia‚</strong></span> <span class='ocrx_word' id='word_1_191' title='bbox 368 2868 404 2928; x_wconf 88' lang='lat' dir='ltr'><strong>de</strong></span> <span class='ocrx_word' id='word_1_192' title='bbox 427 2866 561 2928; x_wconf 89' lang='lat' dir='ltr'><strong>Herculis</strong></span> <span class='ocrx_word' id='word_1_193' title='bbox 589 2866 672 2927; x_wconf 89' lang='lat' dir='ltr'><strong>malis</strong></span> <span class='ocrx_word' id='word_1_194' title='bbox 704 2872 811 2926; x_wconf 87' lang='lat' dir='ltr'><strong>cantat.</strong></span> <span class='ocrx_word' id='word_1_195' title='bbox 858 2865 892 2926; x_wconf 94' lang='lat' dir='ltr'><strong>ln</strong></span> <span class='ocrx_word' id='word_1_196' title='bbox 920 2883 979 2944; x_wconf 88' lang='lat' dir='ltr'><strong>quo</strong></span> <span class='ocrx_word' id='word_1_197' title='bbox 1007 2863 1139 2924; x_wconf 88' lang='lat' dir='ltr'><strong>carmine</strong></span> <span class='ocrx_word' id='word_1_198' title='bbox 1171 2869 1233 2923; x_wconf 90' lang='lat' dir='ltr'><strong>tres</strong></span> <span class='ocrx_word' id='word_1_199' title='bbox 1262 2880 1364 2923; x_wconf 90' lang='lat' dir='ltr'><strong>versus</strong></span> 
     </span>
     <span class='ocr_line' id='line_1_26' title="bbox 220 2960 1365 3044; baseline -0.003 -20"><span class='ocrx_word' id='word_1_200' title='bbox 220 2964 426 3034; x_wconf 78' lang='lat' dir='ltr'><strong>inveniuntur,</strong></span> <span class='ocrx_word' id='word_1_201' title='bbox 456 2981 531 3044; x_wconf 94' lang='lat' dir='ltr'><strong>quos</strong></span> <span class='ocrx_word' id='word_1_202' title='bbox 560 2964 696 3028; x_wconf 85' lang='lat' dir='ltr'><strong>nondam</strong></span> <span class='ocrx_word' id='word_1_203' title='bbox 725 2963 938 3042; x_wconf 82' lang='lat' dir='ltr'><strong>expediveruut</strong></span> <span class='ocrx_word' id='word_1_204' title='bbox 959 2981 1002 3022; x_wconf 85' lang='lat' dir='ltr'><strong>vv.</strong></span> <span class='ocrx_word' id='word_1_205' title='bbox 1027 2961 1075 3023; x_wconf 93' lang='lat' dir='ltr'><strong>dd.</strong></span> <span class='ocrx_word' id='word_1_206' title='bbox 1120 2961 1197 3022; x_wconf 85' lang='lat' dir='ltr'><strong>Sunt</strong></span> <span class='ocrx_word' id='word_1_207' title='bbox 1224 2960 1275 3020; x_wconf 90' lang='lat' dir='ltr'><strong>isti</strong></span> <span class='ocrx_word' id='word_1_208' title='bbox 1303 2968 1365 3021; x_wconf 90' lang='lat' dir='ltr'><strong>tres</strong></span> 
     </span>
     <span class='ocr_line' id='line_1_27' title="bbox 221 3054 1364 3143; baseline -0.002 -21"><span class='ocrx_word' id='word_1_209' title='bbox 221 3081 323 3123; x_wconf 90' lang='lat' dir='ltr'><strong>versus</strong></span> <span class='ocrx_word' id='word_1_210' title='bbox 346 3061 407 3124; x_wconf 84' lang='lat'><strong>958</strong></span> <span class='ocrx_word' id='word_1_211' title='bbox 436 3061 559 3142; x_wconf 80' lang='grc' dir='ltr'><strong><em>μοῦνον</em></strong></span> <span class='ocrx_word' id='word_1_212' title='bbox 591 3055 755 3124; x_wconf 76' lang='lat' dir='ltr'><strong>sinrdoaio&#39;</strong></span> <span class='ocrx_word' id='word_1_213' title='bbox 784 3056 888 3143; x_wconf 84' lang='grc' dir='ltr'><strong><em>ἄφαρ,</em></strong></span> <span class='ocrx_word' id='word_1_214' title='bbox 916 3058 975 3120; x_wconf 86' lang='grc'><strong>961</strong></span> <span class='ocrx_word' id='word_1_215' title='bbox 1000 3054 1147 3122; x_wconf 77' lang='grc' dir='ltr'><strong><em>ἄσπετον</em></strong></span> <span class='ocrx_word' id='word_1_216' title='bbox 1169 3079 1201 3118; x_wconf 78' lang='lat' dir='ltr'><strong>aa</strong></span> <span class='ocrx_word' id='word_1_217' title='bbox 1232 3057 1364 3140; x_wconf 73' lang='grc' dir='ltr'><strong><em>θαῦμα,</em></strong></span> 
     </span>
     <span class='ocr_line' id='line_1_28' title="bbox 222 3152 1365 3241; baseline -0.002 -21"><span class='ocrx_word' id='word_1_218' title='bbox 222 3161 284 3222; x_wconf 85' lang='grc'><strong>964</strong></span> <span class='ocrx_word' id='word_1_219' title='bbox 311 3158 411 3230; x_wconf 84' lang='grc' dir='ltr'><strong><em>ξένων</em></strong></span> <span class='ocrx_word' id='word_1_220' title='bbox 437 3157 500 3240; x_wconf 81' lang='grc' dir='ltr'><strong>γὰρ</strong></span> <span class='ocrx_word' id='word_1_221' title='bbox 528 3155 680 3240; x_wconf 57' lang='lat' dir='ltr'><strong>decipitne</strong></span> <span class='ocrx_word' id='word_1_222' title='bbox 709 3152 769 3241; x_wconf 78' lang='grc' dir='ltr'><strong>ἥδε</strong></span> <span class='ocrx_word' id='word_1_223' title='bbox 801 3182 851 3231; x_wconf 81' lang='grc' dir='ltr'><strong>τις</strong></span> <span class='ocrx_word' id='word_1_224' title='bbox 885 3154 993 3238; x_wconf 78' lang='grc' dir='ltr'><strong><em>βάσις.</em></strong></span> <span class='ocrx_word' id='word_1_225' title='bbox 1045 3157 1179 3231; x_wconf 84' lang='lat' dir='ltr'><strong>Quorum</strong></span> <span class='ocrx_word' id='word_1_226' title='bbox 1211 3157 1243 3216; x_wconf 91' lang='lat' dir='ltr'><strong>in</strong></span> <span class='ocrx_word' id='word_1_227' title='bbox 1270 3156 1365 3237; x_wconf 90' lang='lat' dir='ltr'><strong>primo</strong></span> 
     </span>
     <span class='ocr_line' id='line_1_29' title="bbox 222 3255 1365 3338; baseline -0.003 -19"><span class='ocrx_word' id='word_1_228' title='bbox 222 3257 354 3338; x_wconf 80' lang='grc' dir='ltr'><strong><em>μοῦνον,</em></strong></span> <span class='ocrx_word' id='word_1_229' title='bbox 376 3258 457 3337; x_wconf 90' lang='lat' dir='ltr'><strong>quod</strong></span> <span class='ocrx_word' id='word_1_230' title='bbox 479 3257 561 3318; x_wconf 89' lang='lat' dir='ltr'><strong>libris</strong></span> <span class='ocrx_word' id='word_1_231' title='bbox 583 3256 724 3320; x_wconf 90' lang='lat' dir='ltr'><strong>traditum</strong></span> <span class='ocrx_word' id='word_1_232' title='bbox 749 3267 802 3329; x_wconf 90' lang='lat' dir='ltr'><strong>est,</strong></span> <span class='ocrx_word' id='word_1_233' title='bbox 825 3258 932 3318; x_wconf 90' lang='lat' dir='ltr'><strong>merito</strong></span> <span class='ocrx_word' id='word_1_234' title='bbox 955 3265 1125 3336; x_wconf 88' lang='lat' dir='ltr'><strong>suspectum</strong></span> <span class='ocrx_word' id='word_1_235' title='bbox 1150 3263 1202 3317; x_wconf 88' lang='lat' dir='ltr'><strong>est.</strong></span> <span class='ocrx_word' id='word_1_236' title='bbox 1240 3255 1313 3316; x_wconf 90' lang='lat' dir='ltr'><strong>Nam</strong></span> <span class='ocrx_word' id='word_1_237' title='bbox 1330 3273 1365 3316; x_wconf 88' lang='lat' dir='ltr'><strong>ex</strong></span> 
     </span>
     <span class='ocr_line' id='line_1_30' title="bbox 223 3349 1366 3418; baseline -0.001 -3"><span class='ocrx_word' id='word_1_238' title='bbox 223 3355 380 3418; x_wconf 88' lang='lat' dir='ltr'><strong>verborum</strong></span> <span class='ocrx_word' id='word_1_239' title='bbox 404 3353 551 3417; x_wconf 90' lang='lat' dir='ltr'><strong>sententia</strong></span> <span class='ocrx_word' id='word_1_240' title='bbox 573 3353 750 3417; x_wconf 90' lang='lat' dir='ltr'><strong>adiectivum</strong></span> <span class='ocrx_word' id='word_1_241' title='bbox 774 3353 955 3416; x_wconf 90' lang='lat' dir='ltr'><strong>contrarium</strong></span> <span class='ocrx_word' id='word_1_242' title='bbox 979 3372 1089 3416; x_wconf 89' lang='lat' dir='ltr'><strong>sonans</strong></span> <span class='ocrx_word' id='word_1_243' title='bbox 1115 3352 1249 3415; x_wconf 87' lang='lat' dir='ltr'><strong>adiectivi</strong></span> <span class='ocrx_word' id='word_1_244' title='bbox 1273 3349 1366 3415; x_wconf 77' lang='grc' dir='ltr'><em>ἄλκι-</em></span> 
     </span>
     <span class='ocr_line' id='line_1_31' title="bbox 222 3451 1365 3536; baseline -0.003 -19"><span class='ocrx_word' id='word_1_245' title='bbox 222 3475 286 3536; x_wconf 77' lang='grc' dir='ltr'><strong>μον</strong></span> <span class='ocrx_word' id='word_1_246' title='bbox 302 3463 497 3535; x_wconf 83' lang='lat' dir='ltr'><strong>exspectatur.</strong></span> <span class='ocrx_word' id='word_1_247' title='bbox 535 3455 620 3528; x_wconf 86' lang='lat' dir='ltr'><strong>Quod</strong></span> <span class='ocrx_word' id='word_1_248' title='bbox 641 3471 703 3515; x_wconf 91' lang='lat' dir='ltr'><strong>non</strong></span> <span class='ocrx_word' id='word_1_249' title='bbox 725 3462 771 3515; x_wconf 89' lang='lat' dir='ltr'><strong>est</strong></span> <span class='ocrx_word' id='word_1_250' title='bbox 792 3452 942 3535; x_wconf 84' lang='grc' dir='ltr'><strong><em>καῦραν</em></strong></span> <span class='ocrx_word' id='word_1_251' title='bbox 963 3451 1123 3515; x_wconf 80' lang='lat' dir='ltr'><strong>auaueuio</strong></span> <span class='ocrx_word' id='word_1_252' title='bbox 1148 3452 1365 3532; x_wconf 91' lang='lat' dir='ltr'><strong>‘temptatum&#39;.</strong></span> 
     </span>
     <span class='ocr_line' id='line_1_32' title="bbox 223 3548 1366 3632; baseline -0.003 -16"><span class='ocrx_word' id='word_1_253' title='bbox 223 3556 286 3616; x_wconf 87' lang='lat' dir='ltr'><strong>Hoc</strong></span> <span class='ocrx_word' id='word_1_254' title='bbox 308 3554 389 3616; x_wconf 88' lang='lat' dir='ltr'><strong>enirn</strong></span> <span class='ocrx_word' id='word_1_255' title='bbox 413 3553 554 3618; x_wconf 80' lang='lat' dir='ltr'><strong>vocabulo</strong></span> <span class='ocrx_word' id='word_1_256' title='bbox 577 3548 677 3616; x_wconf 74' lang='grc' dir='ltr'><strong><em>κακόν</em></strong></span> <span class='ocrx_word' id='word_1_257' title='bbox 699 3553 847 3631; x_wconf 87' lang='lat' dir='ltr'><strong>designari</strong></span> <span class='ocrx_word' id='word_1_258' title='bbox 876 3552 1074 3632; x_wconf 81' lang='lat' dir='ltr'><strong>lexicographi</strong></span> <span class='ocrx_word' id='word_1_259' title='bbox 1096 3559 1212 3614; x_wconf 88' lang='lat' dir='ltr'><strong>veteres</strong></span> <span class='ocrx_word' id='word_1_260' title='bbox 1234 3552 1366 3613; x_wconf 86' lang='lat' dir='ltr'><strong>tradunt.</strong></span> 
     </span>
     <span class='ocr_line' id='line_1_33' title="bbox 223 3647 1367 3731; baseline -0.003 -15"><span class='ocrx_word' id='word_1_261' title='bbox 223 3655 305 3727; x_wconf 84' lang='lat' dir='ltr'><strong>Quae</strong></span> <span class='ocrx_word' id='word_1_262' title='bbox 328 3653 370 3715; x_wconf 90' lang='lat' dir='ltr'><strong>ris</strong></span> <span class='ocrx_word' id='word_1_263' title='bbox 391 3653 461 3716; x_wconf 90' lang='lat' dir='ltr'><strong>huic</strong></span> <span class='ocrx_word' id='word_1_264' title='bbox 481 3653 547 3714; x_wconf 89' lang='lat' dir='ltr'><strong>loco</strong></span> <span class='ocrx_word' id='word_1_265' title='bbox 570 3669 632 3713; x_wconf 91' lang='lat' dir='ltr'><strong>non</strong></span> <span class='ocrx_word' id='word_1_266' title='bbox 655 3651 804 3722; x_wconf 85' lang='lat' dir='ltr'><strong>convenit,</strong></span> <span class='ocrx_word' id='word_1_267' title='bbox 828 3652 908 3731; x_wconf 93' lang='lat' dir='ltr'><strong>quod</strong></span> <span class='ocrx_word' id='word_1_268' title='bbox 930 3657 1047 3714; x_wconf 90' lang='lat' dir='ltr'><strong>constat</strong></span> <span class='ocrx_word' id='word_1_269' title='bbox 1077 3647 1204 3723; x_wconf 82' lang='grc' dir='ltr'><strong><em>κακός</em></strong></span> <span class='ocrx_word' id='word_1_270' title='bbox 1226 3651 1311 3730; x_wconf 92' lang='lat' dir='ltr'><strong>plane</strong></span> <span class='ocrx_word' id='word_1_271' title='bbox 1333 3659 1367 3712; x_wconf 91' lang='lat' dir='ltr'><strong>ut</strong></span> 
     </span>
     <span class='ocr_line' id='line_1_34' title="bbox 224 3749 1367 3829; baseline -0.002 -17"><span class='ocrx_word' id='word_1_272' title='bbox 224 3752 398 3814; x_wconf 87' lang='lat' dir='ltr'><strong>Latinorum</strong></span> <span class='ocrx_word' id='word_1_273' title='bbox 428 3751 561 3822; x_wconf 89' lang='lat' dir='ltr'><strong>malus,</strong></span> <span class='ocrx_word' id='word_1_274' title='bbox 595 3759 732 3811; x_wconf 89' lang='lat' dir='ltr'><strong>nostrum</strong></span> <span class='ocrx_word' id='word_1_275' title='bbox 756 3749 926 3812; x_wconf 89' lang='lat' dir='ltr'><strong>schlecht</strong></span> <span class='ocrx_word' id='word_1_276' title='bbox 958 3767 1111 3829; x_wconf 89' lang='lat' dir='ltr'><strong>nunquam</strong></span> <span class='ocrx_word' id='word_1_277' title='bbox 1145 3750 1182 3810; x_wconf 92' lang='lat' dir='ltr'><strong>de</strong></span> <span class='ocrx_word' id='word_1_278' title='bbox 1215 3749 1367 3811; x_wconf 82' lang='lat' dir='ltr'><strong>infelici</strong></span> 
     </span>
     <span class='ocr_line' id='line_1_35' title="bbox 225 3843 1367 3928; baseline -0.002 -17"><span class='ocrx_word' id='word_1_279' title='bbox 225 3851 346 3912; x_wconf 88' lang='lat' dir='ltr'><strong>homine</strong></span> <span class='ocrx_word' id='word_1_280' title='bbox 379 3845 490 3911; x_wconf 87' lang='lat' dir='ltr'><strong>dictum</strong></span> <span class='ocrx_word' id='word_1_281' title='bbox 525 3867 590 3911; x_wconf 89' lang='lat' dir='ltr'><strong>esse</strong></span> <span class='ocrx_word' id='word_1_282' title='bbox 622 3855 652 3910; x_wconf 90' lang='lat' dir='ltr'><strong>et</strong></span> <span class='ocrx_word' id='word_1_283' title='bbox 683 3848 854 3928; x_wconf 86' lang='lat' dir='ltr'><strong>oppositum</strong></span> <span class='ocrx_word' id='word_1_284' title='bbox 888 3848 943 3911; x_wconf 91' lang='lat' dir='ltr'><strong>adi.</strong></span> <span class='ocrx_word' id='word_1_285' title='bbox 974 3843 1106 3926; x_wconf 75' lang='grc' dir='ltr'><strong><em>ἀγαθός</em></strong></span> <span class='ocrx_word' id='word_1_286' title='bbox 1132 3848 1200 3909; x_wconf 86' lang='lat' dir='ltr'><strong>sim.</strong></span> <span class='ocrx_word' id='word_1_287' title='bbox 1248 3847 1367 3910; x_wconf 85' lang='lat' dir='ltr'><strong>Conicio</strong></span> 
     </span>
     <span class='ocr_line' id='line_1_36' title="bbox 224 3945 1367 4030; baseline -0.002 -20"><span class='ocrx_word' id='word_1_288' title='bbox 224 3949 313 4029; x_wconf 88' lang='lat' dir='ltr'><strong>igitur</strong></span> <span class='ocrx_word' id='word_1_289' title='bbox 334 3947 459 4030; x_wconf 78' lang='grc' dir='ltr'><strong><em>μοῦνον</em></strong></span> <span class='ocrx_word' id='word_1_290' title='bbox 480 3949 556 4010; x_wconf 81' lang='lat' dir='ltr'><strong>falso</strong></span> <span class='ocrx_word' id='word_1_291' title='bbox 579 3947 724 4028; x_wconf 89' lang='lat' dir='ltr'><strong>scriptum</strong></span> <span class='ocrx_word' id='word_1_292' title='bbox 746 3965 812 4008; x_wconf 91' lang='lat' dir='ltr'><strong>esse</strong></span> <span class='ocrx_word' id='word_1_293' title='bbox 838 3946 874 4008; x_wconf 90' lang='lat' dir='ltr'><strong>ab</strong></span> <span class='ocrx_word' id='word_1_294' title='bbox 896 3947 994 4027; x_wconf 88' lang='lat' dir='ltr'><strong>aliquo</strong></span> <span class='ocrx_word' id='word_1_295' title='bbox 1016 3945 1135 4008; x_wconf 86' lang='lat' dir='ltr'><strong>librario</strong></span> <span class='ocrx_word' id='word_1_296' title='bbox 1158 3967 1212 4028; x_wconf 93' lang='lat' dir='ltr'><strong>pro</strong></span> <span class='ocrx_word' id='word_1_297' title='bbox 1235 3965 1281 4021; x_wconf 86' lang='lat' dir='ltr'><strong>eo,</strong></span> <span class='ocrx_word' id='word_1_298' title='bbox 1308 3965 1367 4027; x_wconf 91' lang='lat' dir='ltr'><strong>quo</strong></span> 
     </span>
     <span class='ocr_line' id='line_1_37' title="bbox 224 4045 1367 4129; baseline -0.003 -20"><span class='ocrx_word' id='word_1_299' title='bbox 224 4057 311 4129; x_wconf 86' lang='lat' dir='ltr'><strong>poeta</strong></span> <span class='ocrx_word' id='word_1_300' title='bbox 326 4066 399 4110; x_wconf 92' lang='lat' dir='ltr'><strong>usus</strong></span> <span class='ocrx_word' id='word_1_301' title='bbox 415 4055 461 4110; x_wconf 90' lang='lat' dir='ltr'><strong>est</strong></span> <span class='ocrx_word' id='word_1_302' title='bbox 476 4045 647 4128; x_wconf 77' lang='grc' dir='ltr'><strong><em>μαῦρον,</em></strong></span> <span class='ocrx_word' id='word_1_303' title='bbox 673 4046 753 4127; x_wconf 92' lang='lat' dir='ltr'><strong>quod</strong></span> <span class='ocrx_word' id='word_1_304' title='bbox 775 4045 867 4106; x_wconf 91' lang='lat' dir='ltr'><strong>miror</strong></span> <span class='ocrx_word' id='word_1_305' title='bbox 888 4053 1021 4126; x_wconf 88' lang='lat' dir='ltr'><strong>spretum</strong></span> <span class='ocrx_word' id='word_1_306' title='bbox 1038 4063 1103 4107; x_wconf 90' lang='lat' dir='ltr'><strong>esse</strong></span> <span class='ocrx_word' id='word_1_307' title='bbox 1129 4045 1165 4108; x_wconf 89' lang='lat' dir='ltr'><strong>ab</strong></span> <span class='ocrx_word' id='word_1_308' title='bbox 1188 4047 1367 4118; x_wconf 85' lang='lat' dir='ltr'><strong>Hermanno,</strong></span> 
     </span>
     <span class='ocr_line' id='line_1_38' title="bbox 225 4138 1367 4227; baseline -0.001 -20"><span class='ocrx_word' id='word_1_309' title='bbox 225 4146 277 4226; x_wconf 88' lang='lat' dir='ltr'><strong>qui</strong></span> <span class='ocrx_word' id='word_1_310' title='bbox 299 4141 405 4226; x_wconf 82' lang='grc' dir='ltr'><strong><em>μανόν</em></strong></span> <span class='ocrx_word' id='word_1_311' title='bbox 432 4145 596 4226; x_wconf 89' lang='lat' dir='ltr'><strong>proposuit.</strong></span> <span class='ocrx_word' id='word_1_312' title='bbox 642 4145 701 4206; x_wconf 90' lang='lat' dir='ltr'><strong>Sed</strong></span> <span class='ocrx_word' id='word_1_313' title='bbox 731 4143 866 4207; x_wconf 88' lang='lat' dir='ltr'><strong>adiectivi</strong></span> <span class='ocrx_word' id='word_1_314' title='bbox 894 4138 998 4224; x_wconf 76' lang='grc' dir='ltr'><strong><em>μανός</em></strong></span> <span class='ocrx_word' id='word_1_315' title='bbox 1026 4161 1119 4224; x_wconf 91' lang='lat' dir='ltr'><strong>quum</strong></span> <span class='ocrx_word' id='word_1_316' title='bbox 1148 4145 1230 4224; x_wconf 92' lang='lat' dir='ltr'><strong>prior</strong></span> <span class='ocrx_word' id='word_1_317' title='bbox 1258 4145 1367 4227; x_wconf 81' lang='lat' dir='ltr'><strong>syllaba</strong></span> 
     </span>
     <span class='ocr_line' id='line_1_39' title="bbox 226 4242 1368 4324; baseline 0 -20"><span class='ocrx_word' id='word_1_318' title='bbox 226 4261 336 4324; x_wconf 90' lang='lat' dir='ltr'><strong>anceps</strong></span> <span class='ocrx_word' id='word_1_319' title='bbox 359 4253 415 4318; x_wconf 89' lang='lat' dir='ltr'><strong>est,</strong></span> <span class='ocrx_word' id='word_1_320' title='bbox 445 4253 510 4305; x_wconf 89' lang='lat' dir='ltr'><strong>turn</strong></span> <span class='ocrx_word' id='word_1_321' title='bbox 533 4243 575 4304; x_wconf 89' lang='lat' dir='ltr'><strong>vis</strong></span> <span class='ocrx_word' id='word_1_322' title='bbox 601 4251 691 4322; x_wconf 90' lang='lat' dir='ltr'><strong>atque</strong></span> <span class='ocrx_word' id='word_1_323' title='bbox 723 4242 898 4322; x_wconf 79' lang='lat' dir='ltr'><strong>significatio</strong></span> <span class='ocrx_word' id='word_1_324' title='bbox 921 4259 983 4304; x_wconf 92' lang='lat' dir='ltr'><strong>non</strong></span> <span class='ocrx_word' id='word_1_325' title='bbox 1006 4249 1087 4303; x_wconf 90' lang='lat' dir='ltr'><strong>recte</strong></span> <span class='ocrx_word' id='word_1_326' title='bbox 1110 4261 1146 4304; x_wconf 82' lang='lat' dir='ltr'><strong>ex</strong></span> <span class='ocrx_word' id='word_1_327' title='bbox 1169 4243 1312 4306; x_wconf 91' lang='lat' dir='ltr'><strong>diametro</strong></span> <span class='ocrx_word' id='word_1_328' title='bbox 1335 4252 1368 4304; x_wconf 94' lang='lat' dir='ltr'><strong>ut</strong></span> 
     </span>
     <span class='ocr_line' id='line_1_40' title="bbox 227 4336 1367 4422; baseline -0.003 -18"><span class='ocrx_word' id='word_1_329' title='bbox 227 4343 310 4404; x_wconf 87' lang='lat' dir='ltr'><strong>aiunt</strong></span> <span class='ocrx_word' id='word_1_330' title='bbox 332 4341 474 4403; x_wconf 86' lang='lat' dir='ltr'><strong>adiectivo</strong></span> <span class='ocrx_word' id='word_1_331' title='bbox 496 4336 635 4421; x_wconf 79' lang='grc' dir='ltr'><strong><em>ἄλκιμος</em></strong></span> <span class='ocrx_word' id='word_1_332' title='bbox 656 4342 768 4422; x_wconf 79' lang='lat' dir='ltr'><strong>opponi</strong></span> <span class='ocrx_word' id='word_1_333' title='bbox 790 4349 897 4422; x_wconf 84' lang='lat' dir='ltr'><strong>potest,</strong></span> <span class='ocrx_word' id='word_1_334' title='bbox 920 4341 973 4402; x_wconf 88' lang='lat' dir='ltr'><strong>sod</strong></span> <span class='ocrx_word' id='word_1_335' title='bbox 996 4341 1090 4402; x_wconf 89' lang='lat' dir='ltr'><strong>multo</strong></span> <span class='ocrx_word' id='word_1_336' title='bbox 1114 4342 1204 4422; x_wconf 90' lang='lat' dir='ltr'><strong>magis</strong></span> <span class='ocrx_word' id='word_1_337' title='bbox 1226 4341 1367 4405; x_wconf 88' lang='lat' dir='ltr'><strong>adiectivo</strong></span> 
     </span>
     <span class='ocr_line' id='line_1_41' title="bbox 227 4437 1368 4522; baseline 0 -20"><span class='ocrx_word' id='word_1_338' title='bbox 227 4437 360 4514; x_wconf 82' lang='grc' dir='ltr'><strong><em>πυκνός.</em></strong></span> <span class='ocrx_word' id='word_1_339' title='bbox 404 4440 457 4500; x_wconf 84' lang='lat' dir='ltr'><strong>Est</strong></span> <span class='ocrx_word' id='word_1_340' title='bbox 479 4439 559 4502; x_wconf 91' lang='lat' dir='ltr'><strong>enim</strong></span> <span class='ocrx_word' id='word_1_341' title='bbox 581 4439 645 4502; x_wconf 87' lang='lat' dir='ltr'><strong>iere</strong></span> <span class='ocrx_word' id='word_1_342' title='bbox 666 4439 744 4502; x_wconf 90' lang='lat' dir='ltr'><strong>idem</strong></span> <span class='ocrx_word' id='word_1_343' title='bbox 768 4439 848 4520; x_wconf 91' lang='lat' dir='ltr'><strong>quod</strong></span> <span class='ocrx_word' id='word_1_344' title='bbox 870 4438 1042 4502; x_wconf 86' lang='lat' dir='ltr'><strong>Latinorum</strong></span> <span class='ocrx_word' id='word_1_345' title='bbox 1063 4455 1181 4501; x_wconf 88' lang='lat' dir='ltr'><strong>rarus.</strong></span> <span class='ocrx_word' id='word_1_346' title='bbox 1230 4438 1368 4522; x_wconf 84' lang='grc' dir='ltr'><strong><em>Μαῦρος</em></strong></span> 
     </span>
    </p>
   </div>
   <div class='ocr_carea' id='block_1_8' title="bbox 0 0 1653 5084">
    <p class='ocr_par' dir='ltr' id='par_1_10' title="bbox 0 0 1653 5084">
     <span class='ocr_line' id='line_1_42' title="bbox 0 0 1653 5084; baseline 0 0"><span class='ocrx_word' id='word_1_347' title='bbox 0 0 1653 5084; x_wconf 95' lang='lat' dir='ltr'><strong> </strong></span> 
     </span>
    </p>
   </div>
  </div>
 </body>
</html>
