3266 5084
742 353 957 417 ..54-

282 532 400 592 eradere
427 549 489 594 uon
516 549 606 594 ausus
635 537 695 604 est,
724 531 802 610 quod
832 531 862 591 in
892 531 1051 609 archetypo
1073 525 1111 590 δέ
1132 530 1218 609 plene
1241 530 1421 611 exscriptum

282 631 444 701 invenerat,
467 630 566 710 itaque
588 629 801 710 apostrophum
818 629 959 709 appinxit.
1000 623 1074 691 Μέν
1096 647 1111 688 a
1135 645 1224 690 mauu
1247 639 1305 690 ant.
1328 629 1468 689 insar-·-

282 739 347 789 tum
371 747 431 790 non
454 727 543 790 babes
567 729 645 808 quod
679 747 746 789 oum
769 727 899 790 Naualio
923 727 1018 789 eioias.
1065 727 1138 789 Nanr
1163 745 1268 789 manus
1290 728 1428 807 autiquae

283 827 349 889 libri
372 828 410 890 La
432 829 556 906 syllabas
571 837 623 889 aut
636 827 755 888 ¹vooulas
770 827 905 898 omissas,
928 827 979 888 sed
995 825 1174 888 necessarias
1196 835 1226 888 et
1247 845 1323 906 quae
1346 826 1428 888 laoile

283 947 318 990 ao
340 936 422 990 certo
446 926 577 1006 suppleri
597 936 721 1006 possent
742 925 929 1000 addiderunt,
952 926 990 992 ol.
1006 925 1132 988 Diudorf
1144 926 1175 988 in
1191 925 1261 988 edit.
1277 926 1374 987 Oxou.
1390 925 1429 986 lll

284 1027 320 1088 ad
343 1026 404 1088 On.
420 1045 464 1087 vv.
484 1026 553 1090 166.
580 1024 741 1088 nonan.
760 1027 852 1087 1171.
873 1025 963 1088 1330.
998 1025 1066 1088 dut.
1089 1045 1114 1086 v.
1135 1025 1207 1088 507.
1240 1024 1285 1088 lli.
1306 1045 1333 1086 v.
1357 1023 1429 1086 726.

286 1126 329 1188 ΕΙ.
347 1144 371 1186 v.
393 1124 483 1186 1262.

369 1223 517 1304 Principio
541 1223 629 1301 igitur
652 1222 796 1303 scriptum
819 1221 916 1284 fuerat
937 1221 969 1284 in
992 1222 1032 1284 La

386 1336 452 1414 εἶχε
475 1331 507 1397 δ’
530 1331 630 1397 ἄλλαι
652 1332 695 1396 τὰ
717 1331 754 1396 δέ
776 1329 862 1395 ἄλλα
884 1331 926 1394 τὰ
946 1329 978 1396 δ’
1001 1325 1058 1396 ἐπ’
1081 1331 1195 1408 ἄλλοις
1216 1369 1257 1380 -

285 1462 392 1524 Manus
414 1462 535 1541 antiqua
558 1461 640 1541 prius
663 1458 701 1521 δέ
722 1461 821 1538 erasit,
845 1460 923 1540 quod
947 1459 979 1520 iu
1004 1461 1112 1541 duplici
1134 1459 1176 1522 τὰ
1198 1455 1236 1522 δέ
1257 1461 1380 1521 offendit
1402 1469 1432 1521 et

289 1564 349 1643 μέν
371 1560 504 1628 inseruit,
529 1568 562 1622 ut
583 1557 624 1622 noi
646 1561 706 1642 μέν
728 1560 923 1639 responderet
937 1556 979 1621 τὰ
1001 1557 1047 1621 ds'.
1085 1561 1123 1621 At
1145 1577 1199 1620 nos
1221 1559 1369 1638 posterius
1390 1557 1432 1620 τὰ

288 1679 355 1722 oum
371 1659 524 1722 llrlurdtio
547 1668 577 1720 et
597 1679 667 1722 ¹earn
691 1661 742 1739 qui
766 1658 860 1721 secuti
883 1667 954 1722 suut
976 1659 1119 1734 delemus,
1143 1667 1176 1720 ut
1198 1656 1277 1720 τάδε
1299 1660 1360 1740 μέν
1381 1677 1430 1720 re·

287 1760 434 1839 spondeat
457 1754 541 1822 ἄλλα
564 1757 611 1820 δέ.

371 1855 485 1930 lluibus
501 1857 642 1936 expositis
657 1865 790 1936 apparet,
813 1875 911 1936 spero.
933 1855 1084 1918 librarium
1105 1857 1155 1937 qui
1171 1856 1210 1917 La
1234 1857 1360 1918 exaravit
1376 1857 1432 1917 boo

213 2014 215 2020 .
286 1958 360 2027 loeo,
380 1955 430 2018 ubi
447 1956 589 2036 scriptum
606 1956 637 2018 in
650 1955 808 2035 archetypo
827 1964 905 2017 esset
919 1954 1187 2017 erXerrr'o)
1194 1955 1318 2017 TAAe
1325 1955 1430 2028 ΜΘΝ,

287 2055 439 2118 aberrasse
461 2055 496 2118 ad
519 2074 553 2118 aa
576 2073 652 2134 quae
673 2061 868 2134 sequerentur
896 2055 1045 2116 ΑΛΛΛ
1070 2063 1099 2114 ot
1126 2053 1328 2128 AAAOIC,
1351 2053 1430 2134 quod

287 2173 377 2234 quam
399 2154 484 2216 laoile
507 2153 570 2216 lieri
586 2153 717 2232 potuerit
740 2161 872 2233 olquam
890 2172 977 2233 saepe
999 2153 1109 2216 laetum
1132 2155 1170 2214 sit
1192 2154 1228 2214 ab
1250 2155 1308 2224 illo,
1331 2153 1432 2214 oodioe

288 2255 352 2333 ipso
375 2253 414 2314 La
439 2253 540 2315 multis
562 2252 634 2314 loeis
657 2253 810 2332 probatur.
854 2253 940 2326 Quod
963 2272 998 2313 eo
1021 2253 1200 2332 probabilius
1223 2261 1285 2327 ast,
1313 2253 1391 2332 quod
1415 2271 1431 2313 a

288 2353 383 2431 prima
408 2371 497 2414 uranu
521 2370 582 2412 non
606 2347 704 2414 ἄλλαι
727 2353 778 2414 sed
808 2347 893 2414 ἄλλα
916 2352 1057 2432 seriptum
1081 2361 1197 2414 exstare
1220 2353 1311 2416 Cobet
1333 2353 1432 2412 refert.

288 2453 384 2530 Atque
407 2451 464 2512 boo
491 2470 526 2510 ex
547 2449 679 2511 Triolinii
706 2469 825 2532 quoque
855 2450 1045 2512 adnotatione
1073 2450 1216 2512 eflicitur:
1244 2444 1347 2526 oritate
1375 2443 1433 2514 οὖν

288 2547 347 2634 χρὴ
369 2545 510 2631 γράφειν
540 2544 621 2631 ἄλλῃ
645 2585 696 2622 —‚
729 2550 884 2612 invenerat
916 2549 1007 2630 igitur
1040 2549 1070 2610 in
1104 2550 1203 2612 oodioe
1237 2542 1331 2610 ἄλλα.
1376 2549 1432 2610 Sed

289 2649 367 2728 quod
385 2647 480 2727 pergit
496 2640 537 2719 ὠς
560 2646 614 2707 καὶ
639 2643 674 2708 ἔν
695 2667 761 2708 τινι
783 2643 851 2710 τῶν
873 2645 1030 2710 παλαιῶν
1045 2645 1186 2728 βιβλίων
1208 2643 1351 2732 εὕρηται,
1373 2667 1433 2710 non

291 2747 386 2808 maior
408 2747 482 2807 fides
505 2745 531 2805 ai
554 2754 600 2805 est
621 2744 776 2806 tribuenda
793 2765 881 2825 quam
905 2755 938 2807 ut
960 2747 1013 2806 alia
1029 2747 1164 2810 ornitlam
1188 2748 1219 2810 iu
1234 2749 1302 2812 Ant.
1319 2768 1344 2809 v.
1361 2747 1433 2821 887,

290 2845 340 2907 ubi
363 2839 480 2926 ἀφεῖτε
501 2843 690 2906 scribendum
712 2844 828 2922 putavit
849 2845 1024 2906 adseverans
1047 2865 1078 2906 se
1106 2845 1138 2906 in
1161 2855 1275 2908 vetusto
1303 2847 1377 2909 libro
1404 2848 1433 2908 id

290 2943 456 3024 repperisse
480 2943 624 3003 adnotans
648 2935 765 3023 ἀφεῖτε
787 2941 845 3024 χρὴ
869 2941 1066 3025 γράφειν-
1082 2937 1124 3016 ὠς
1147 2944 1202 3004 καὶ
1226 2941 1261 3006 ἔν
1282 2966 1348 3008 τινι
1370 2945 1435 3008 τῶν

292 3041 443 3105 παλαιῶν
467 3035 600 3123 εὕρηται
623 3037 775 3122 βιβλίων.

376 3141 512 3201 Formula
529 3147 626 3201 autern
645 3131 748 3212 οὕτως
770 3136 835 3216 ἔχει
860 3141 960 3202 eadem
985 3141 1021 3213 vi,
1045 3160 1101 3222 qua
1117 3141 1175 3202 boo
1197 3141 1271 3211 looo,
1294 3161 1366 3204 usus
1391 3153 1435 3204 est

292 3241 451 3321 Sophocles
473 3239 504 3300 in
526 3239 624 3316 dutig.
640 3255 666 3297 v.
684 3237 723 3297 37
747 3232 850 3310 οὕτως
880 3235 946 3318 ἔχει
969 3255 1023 3300 σοι
1051 3237 1153 3300 ταῦτα
1176 3275 1234 3314 -,
1259 3239 1302 3301 111.
1320 3262 1345 3301 ν.
1363 3241 1434 3317 938,

291 3345 394 3420 fragm.
411 3337 483 3426 7152
528 3338 560 3399 Si
590 3336 656 3416 quis
684 3355 752 3398 vero
781 3338 889 3400 obiciat
917 3329 1020 3410 οὕτως
1050 3347 1080 3399 et
1106 3329 1189 3400 auido
1211 3357 1272 3401 uno
1295 3341 1326 3400 in
1349 3359 1435 3402 versu

292 3439 450 3501 oouiunota
474 3446 504 3500 et
526 3435 614 3498 ambo
637 3435 672 3497 ad
702 3455 833 3516 eaquae
862 3437 1041 3518 praecedunt
1070 3437 1232 3518 spectantia
1257 3438 1365 3519 aliquid
1390 3441 1435 3502 of-

292 3535 438 3598 fensionis
460 3533 585 3607 babere,
615 3551 706 3614 quum
731 3525 825 3607 οὗτος
859 3537 894 3596 ad
930 3554 963 3597 ea
995 3555 1069 3614 quae
1092 3537 1290 3616 praecedunt,
1320 3531 1377 3600 dds
1399 3540 1433 3600 ad

293 3655 327 3697 ea
349 3653 423 3714 quae
445 3643 612 3713 sequuntur
633 3633 739 3694 referri
762 3633 891 3704 soleant3
920 3643 1005 3715 poeta
1032 3654 1094 3696 non
1125 3635 1220 3696 solum
1244 3655 1303 3698 uua
1327 3637 1359 3698 in
1383 3658 1435 3718 pe-

292 3734 377 3797 riodo
401 3725 495 3804 οὔεος
518 3741 548 3792 el
568 3727 627 3793 dds
654 3733 689 3792 ad
717 3733 818 3794 eadem
842 3734 931 3794 relata
962 3735 1075 3814 posuit,
1103 3743 1137 3796 ut
1159 3735 1226 3796 Ant.
1243 3755 1286 3795 vv.
1303 3735 1434 3819 296sqq.

294 3831 468 3912 et673sq.‚
491 3831 541 3893 sed
566 3831 653 3892 etiarn
678 3851 737 3893 uno
766 3834 795 3893 in
819 3833 953 3894 membro
976 3834 1078 3896 ταῦτα
1106 3841 1135 3895 et
1158 3825 1222 3897 aide
1245 3836 1281 3897 ad
1305 3857 1338 3898 ea
1362 3859 1435 3919 quae

293 3931 477 4014 praecedunt
500 3929 661 4011 spectantia
684 3931 838 4011 copulavit,
861 3931 904 3994 El.
921 3953 947 3993 v.
965 3932 1025 3994 315

395 4057 490 4138 εἴπερ
513 4047 578 4142 pide
599 4050 693 4119 ταῦτ’
717 4052 783 4136 ἔχει
808 4065 837 4118 et
859 4059 905 4122 bi.
922 4079 946 4120 v.
964 4059 1035 4122 378.

295 4184 335 4246 Ut
363 4183 452 4263 igitur
480 4180 584 4246 ταῦτα
611 4173 675 4244 ὦδε
705 4179 771 4260 ἔχει
802 4184 942 4264 componi
969 4184 1066 4260 licuit,
1096 4187 1203 4267 opinor
1229 4183 1307 4250 τάδε
1334 4180 1437 4260 οὕτως

296 4280 362 4361 ἔχει
379 4301 437 4363 quo
457 4283 557 4347 minus
580 4281 730 4354 scriberet,
753 4282 826 4344 nihil
841 4291 960 4364 poetam
983 4285 1134 4365 impedivit
1149 4287 1322 4366 praesertim
1344 4305 1434 4367 quum

295 4382 443 4444 Homerus
478 4373 580 4454 οὕτως
613 4389 643 4442 et
675 4375 753 4442 τάδε
786 4383 912 4446 formula
946 4392 1065 4446 nostrae
1087 4383 1234 4447 simillima
1258 4384 1437 4466 copulaverit

297 4482 331 4546 ll.
348 4481 437 4544 XXIV
454 4501 478 4544 v.
497 4479 557 4542 373
