3268 5072
645 1222 943 1324 hectoris.

309 1514 407 1586 Quum
431 1511 565 1574 muneris
581 1511 681 1573 officio
703 1529 802 1592 neque
824 1520 924 1574 tamen
946 1511 1057 1573 invitus
1073 1519 1241 1577 commotus
1256 1529 1365 1585 essem,

225 1621 259 1674 ut
280 1610 536 1691 programmaterii
557 1610 739 1691 provinciam
761 1609 952 1690 susciperem,
976 1628 1051 1690 quae
1072 1609 1132 1671 iam
1156 1609 1207 1672 diu
1228 1610 1260 1670 in
1282 1610 1366 1672 lecti-

224 1709 315 1772 tando
347 1719 433 1791 poeta
465 1710 522 1772 alio
555 1728 615 1791 quo
648 1709 738 1772 ceteri
770 1710 950 1790 interpretes
984 1708 1072 1770 modo
1105 1707 1287 1771 emendenda
1321 1711 1366 1772 vel

223 1809 446 1889 interpretando
469 1808 634 1884 censebam,
656 1825 689 1872 ea
711 1807 821 1889 publici
843 1807 917 1868 iuris
931 1807 987 1868 ieci
1008 1807 1039 1869 in
1054 1805 1205 1887 Gymnesii
1221 1807 1365 1888 1155355-

224 1907 350 1971 vicensis
378 1907 483 1970 libellis
517 1906 701 1970 scholasticis
732 1907 791 1968 hui
825 1925 901 1968 saec.
928 1906 1012 1968 ennis
1038 1905 1154 1968 LXXVI
1175 1915 1205 1968 et
1226 1905 1364 1971 LXXVII.

224 2008 262 2070 Et
281 2007 372 2068 libere
392 2006 535 2086 profiteor
560 2025 609 2070 me
632 2023 700 2068 cum
724 2015 805 2070 metu
826 2006 925 2088 aliquo
947 2005 1169 2088 exspectavisse,
1196 2007 1267 2087 quid
1293 2009 1365 2072 artis

224 2107 341 2170 criticae
356 2106 538 2186 Sophocleee
561 2106 615 2167 viri
630 2106 784 2187 peritiores
806 2107 843 2168 de
865 2123 934 2167 meo
956 2105 1057 2168 labore
1078 2105 1234 2182 sentirent,
1256 2107 1365 2189 quippe

224 2207 275 2288 qui
296 2206 421 2287 negotiis
441 2204 626 2268 scholasticis
656 2205 797 2269 maiorem
825 2215 939 2286 partem
963 2205 1116 2288 obligatus,
1147 2223 1234 2288 quarn
1258 2207 1364 2272 studiis

223 2306 386 2368 litterarum
409 2303 583 2367 voluntariis
605 2313 766 2386 occupatus
788 2307 855 2368 sim.
893 2307 993 2380 Quum
1016 2315 1116 2368 autem
1138 2315 1256 2388 preater
1278 2325 1363 2388 spem

223 2405 296 2468 mihi
331 2404 498 2485 obtigisset,
533 2412 566 2466 ut
596 2405 629 2467 N.
654 2405 805 2468 Wecklein
834 2406 1060 2486 bambergensis
1089 2413 1118 2470 51
1143 2407 1178 2469 R.
1202 2407 1365 2470 Schneider
1426 2405 1428 2408 ’

223 2504 419 2567 Beroiinensis
442 2521 539 2568 msam
569 2503 602 2566 in
624 2505 810 2568 emendendo
833 2513 920 2586 pocta
941 2521 1062 2586 operam
1078 2505 1244 2577 laudarent,
1267 2506 1363 2569 enimc

223 2605 427 2676 confirmatus,
451 2621 526 2684 quae
548 2603 647 2666 minus
669 2605 745 2666 bene
767 2603 914 2666 elaborate
937 2603 1130 2684 protelarem,
1159 2607 1313 2668 retractavi
1333 2614 1364 2670 et

223 2723 317 2767 novas
332 2703 555 2766 emendationes
570 2712 659 2784 etque
674 2703 931 2785 interpretationm
947 2701 1053 2766 addidi.
1086 2705 1129 2767 lte
1145 2705 1363 2768 emendationi·

222 2805 278 2867 bus
304 2802 454 2865 veteribus
482 2802 613 2865 collectis
641 2811 671 2864 et
697 2803 863 2866 retractatis
886 2811 917 2865 et
943 2803 1028 2864 novis
1056 2803 1162 2866 additis
1190 2805 1363 2885 opusculum

222 2903 347 2986 prodiit,
380 2902 458 2982 quod
493 2909 528 2962 nt
559 2900 701 2982 probetur
731 2902 798 2964 viris
824 2901 935 2964 criticis
962 2902 1007 2964 vel
1036 2902 1162 2964 maxime
1190 2903 1363 2983 optaverim.

221 3004 316 3084 Atque
343 3009 377 3063 ut
397 3000 481 3082 quasi
503 3007 696 3081 conspectum
718 3001 807 3063 libelli
828 3000 878 3063 hic
899 3001 993 3079 edam,
1024 3019 1118 3063 novae
1141 3003 1363 3066 emendationes

222 3102 352 3183 prolatae
385 3107 459 3161 sunt
489 3100 526 3162 ed
558 3107 663 3180 poetae
697 3119 798 3162 versus
835 3100 867 3161 in
899 3098 988 3162 Aiace
1011 3099 1082 3175 298,
1120 3099 1200 3164 1993
1223 3121 1298 3184 sqq,
1331 3103 1363 3163 in

222 3202 336 3262 Electra
356 3198 418 3261 363
435 3218 492 3279 sq,
526 3199 598 3270 515,
632 3199 663 3260 in
697 3199 807 3280 Oedipo
839 3197 979 3279 Tyranno
1002 3198 1064 3261 216
1083 3217 1158 3280 sqq,
1191 3200 1222 3261 in
1251 3201 1362 3282 Oedipo

222 3301 351 3365 Coloneo
370 3299 460 3372 1457,
482 3298 515 3360 in
530 3299 678 3378 Antigone
696 3300 746 3374 24,
759 3298 830 3374 461,
846 3297 1045 3375 1281,1999,
1068 3300 1099 3362 in
1113 3300 1278 3362 Trachiniis
1292 3301 1361 3374 145,

221 3399 293 3471 549,
314 3399 419 3478 fragm.
435 3396 529 3474 581);
557 3405 673 3460 veteres
695 3399 918 3462 emendationes
940 3400 1008 3481 plus
1030 3399 1165 3461 minusve
1186 3407 1362 3462 retractatae

221 3507 293 3562 sunt
320 3499 365 3561 di.
388 3518 432 3560 vv.
452 3496 516 3560 599
533 3517 609 3578 sqq,
637 3497 682 3559 st.
705 3517 750 3562 vv.
765 3496 827 3559 495
840 3519 915 3581 sqq,
937 3520 964 3561 v.
981 3497 1053 3576 504,
1077 3498 1111 3574 9.
1135 3499 1165 3561 9.
1188 3517 1232 3560 vv.
1249 3499 1290 3561 47
1306 3509 1361 3580 s'q.,

221 3618 246 3659 v.
264 3595 335 3673 389,
358 3617 384 3660 ν.
401 3597 474 3673 792,
500 3616 545 3659 vv.
561 3594 623 3660 899
638 3617 715 3679 sqq,
745 3618 771 3659 v.
789 3597 860 3674 846,
884 3618 928 3660 vv.
949 3598 1028 3660 1435
1045 3618 1100 3680 sq,
1122 3618 1167 3660 vv.
1186 3599 1268 3660 1560
1283 3617 1359 3680 sqq..

220 3698 287 3758 Ant.
303 3717 329 3758 v.
345 3695 414 3772 138,
430 3717 456 3758 v.
470 3696 541 3768 614,
557 3696 662 3759 Trach.
673 3715 715 3759 vv.
732 3696 791 3760 108
803 3717 879 3779 sqq,
895 3718 941 3760 vv.
954 3697 1016 3762 854
1028 3717 1103 3780 sqq..
1118 3717 1163 3764 vv.
1176 3696 1360 3776 ses-9703

220 3793 395 3858 immutatae
424 3804 601 3859 manserunt
627 3796 671 3858 ali.
698 3816 725 3857 v.
748 3795 799 3869 60,
828 3817 853 3858 v.
879 3797 948 3871 190,
980 3817 1006 3858 v.
1028 3797 1101 3872 405,
1133 3797 1167 3859 9.
1197 3797 1228 3860 Τ.
1258 3817 1285 3858 v.
1308 3796 1360 3872 50,

220 3895 256 3956 9.
272 3895 302 3957 9.
318 3915 361 3956 vv.
381 3895 462 3957 1019
477 3915 552 3978 sqq,
575 3915 621 3958 vv.
640 3895 721 3958 1534
733 3915 810 3977 sqq„
826 3897 893 3960 Ant.
910 3916 934 3959 v.
955 3895 1045 3971 1225,
1067 3896 1172 3959 Trach.
1190 3917 1234 3959 vv.
1251 3897 1291 3959 55
1306 3915 1359 3977 sq,

220 4015 246 4056 v.
263 3993 334 4069 305,
358 4014 384 4055 v.
401 3994 473 4069 526,
496 3995 568 4058 Phil.
585 4015 629 4057 vv.
650 3995 827 4071 159-161,
849 4016 876 4058 v.
893 3997 965 4076 290,
989 4016 1016 4062 v.
1033 3996 1104 4060 691.

305 4093 407 4177 Neque
435 4095 492 4157 hoc
519 4095 591 4158 mibi
614 4095 833 4176 improbatores
855 4115 942 4178 spero
964 4115 1009 4158 vv.
1033 4097 1147 4169 doctos,
1175 4097 1254 4176 quod
1278 4114 1356 4160 non-

220 4193 315 4256 nullas
337 4194 568 4268 emendationes,
592 4213 665 4276 quas
687 4195 744 4257 iam
769 4194 804 4257 eb
827 4195 890 4258 aliis
913 4196 1058 4276 proiectas
1079 4214 1145 4258 esse
1165 4215 1231 4260 sero
1247 4213 1356 4276 cogno-

220 4311 328 4367 veram,
357 4293 476 4356 retinui.
514 4296 593 4370 Quas
616 4313 708 4375 quum
730 4294 793 4375 ipse
816 4295 1049 4375 excogitaverim,
1078 4313 1157 4357 meas
1181 4297 1357 4359 emendandi

219 4392 349 4455 rationes
372 4393 467 4468 attuli,
496 4393 603 4474 quibus
626 4393 724 4456 nescio
748 4412 785 4455 an
807 4414 850 4456 vv.
875 4395 922 4456 dd.
946 4393 1087 4474 majorem
1110 4394 1198 4458 iidem
1230 4395 1357 4458 habeant
1467 4406 1469 4411 ’

220 4510 308 4572 quam
338 4491 374 4554 iis
401 4492 509 4573 quibus
544 4491 658 4572 priores
687 4501 822 4555 auctores
851 4512 918 4556 sues
945 4492 1085 4575 probasse
1112 4493 1169 4557 sibi
1195 4494 1249 4556 visi
1276 4504 1355 4558 sunt.
