3266 5084
655 348 879 412 -51-

280 541 323 584 vv.
344 522 422 584 1560
431 543 475 603 sq.
520 523 632 586 Chorus
655 524 768 604 Oedipo
799 525 931 601 digresso
955 531 1108 604 precatur,
1136 531 1169 586 ut
1190 523 1240 584 llis
1267 543 1335 587 eum

192 621 323 702 benigne
347 623 480 702 excipiat.

295 731 454 816 λίσσομαι
476 729 554 818 μήτ’
577 731 731 818 &namorp
753 729 829 818 μήτ’
853 733 1074 818 ἐπιβαρααχεϊ
1097 769 1147 794 1-.

192 845 297 908 'l'otins
319 847 458 909 carminis
474 855 603 908 metrum
619 855 664 908 est
686 847 844 910 iambicum
868 847 1068 928 logaoedicum
1089 845 1235 928 verbaque
1258 847 1338 908 anti-

194 945 433 1026 stropbaequae
454 947 637 1027 respondent
660 945 732 1008 haec
754 955 841 1009 strnt:

294 1055 330 1129 ἐξ
351 1053 476 1140 ἄντρων
498 1053 669 1140 ἀδάματον
692 1050 826 1141 φύλακα
848 1047 931 1141 παρ’
950 1053 1056 1136 Ἅιδᾳ.

194 1169 397 1249 Requiruntur
417 1170 505 1248 igitur
520 1171 610 1251 pedes
633 1179 666 1232 ut
688 1171 728 1232 ita
744 1171 839 1233 dicam
858 1171 1014 1245 molossus,
1039 1173 1097 1233 duo
1114 1170 1221 1242 cretici,
1245 1189 1337 1250 spon-

194 1269 275 1330 deus.
321 1268 540 1330 Praetermissis
565 1288 633 1348 ergo
657 1269 781 1331 aliorum
805 1270 997 1342 coniecturis,
1025 1289 1151 1350 quarum
1182 1267 1260 1331 nulla
1284 1269 1338 1330 ob-

193 1369 297 1442 tinuit,
325 1369 437 1430 conicio
466 1369 589 1432 alterum
619 1365 678 1430 ἐπι
701 1404 742 1414 -
766 1369 993 1451 dittograpbiam
1022 1389 1110 1451 quem
1141 1379 1246 1431 vocant
1273 1387 1337 1430 esse

194 1478 223 1530 et
245 1487 338 1548 quum
361 1467 683 1530 scholiasta-Laurent.
706 1469 737 1530 in
761 1470 836 1531 libro
859 1489 914 1531 suo
937 1471 1041 1550 legerit
1063 1465 1160 1531 δίδου
1183 1489 1254 1552 μοι,
1280 1469 1338 1529 boc

193 1567 286 1630 luisse
308 1567 607 1647 interpretamentum
633 1567 696 1630 eius
712 1569 791 1648 quod
807 1579 893 1650 poeta
909 1569 1060 1650 scripserit
1074 1565 1131 1641 δός
1147 1589 1216 1650 μοι.
1252 1567 1339 1646 Aori-
1429 1617 1432 1622 .

193 1675 257 1728 stus
280 1667 359 1728 enim
383 1662 466 1728 chori
487 1666 651 1728 sententiae
675 1667 765 1747 magis
788 1668 927 1729 convenit
942 1687 1030 1748 quam
1051 1686 1200 1748 praesens.
1238 1667 1339 1745 ltaquc

194 1783 295 1827 versus
319 1773 366 1826 est
388 1765 530 1844 legendus

293 1873 349 1949 δός
370 1898 429 1958 μοι
452 1871 527 1960 μήτ’
550 1873 703 1960 ἕπιπόνῳ
725 1873 806 1959 μήτε
827 1879 990 1958 βαρααχεῖ
1012 1913 1052 1921 -

194 2009 269 2070 quae
292 1990 350 2052 iam
372 1988 575 2076 antistropbae
597 1989 692 2050 verbis
714 1990 906 2069 respondent.

278 2089 374 2168 Antig.
401 2108 427 2148 v.
455 2087 504 2149 24.
560 2087 706 2166 Antigona
741 2089 876 2150 lsmenac
907 2088 1005 2150 sorori
1040 2097 1153 2156 narrat.
1191 2106 1267 2167 quae
1301 2087 1338 2150 de

195 2185 313 2248 Eteocle
335 2195 364 2248 et
385 2187 523 2266 Polynice
545 2187 687 2250 tratribus
711 2187 835 2250 mortuis
858 2187 954 2252 Creon
977 2188 1173 2262 constituerit,

291 2291 458 2360 Ἐτεοκλέα
480 2296 553 2381 μὲν,
578 2294 621 2372 ὠς
642 2297 789 2378 λέγουσι,
814 2298 874 2363 σὺν
897 2297 971 2382 δίκῃ

293 2395 455 2480 χρησθεὶς
476 2396 594 2476 δικαίᾳ
616 2397 671 2460 καὶ
693 2395 784 2483 νόμῳ
807 2396 891 2462 κατὰ
912 2396 1036 2477 χθονὸς

293 2492 415 2580 ἔκρυψε
436 2505 507 2570 τοῖς
530 2493 666 2584 ἔνερθεν
688 2495 820 2580 ἔντιμον
843 2506 980 2581 νεκροῖς.

194 2607 308 2680 Quibus
330 2609 361 2670 in
384 2609 519 2672 versibus
541 2617 575 2674 ut
597 2610 745 2672 sententia
770 2629 844 2691 quae
874 2610 1024 2688 flagitatur
1051 2617 1096 2670 est
1125 2609 1266 2682 dilucida,
1297 2609 1337 2670 ita

194 2707 316 2770 ollendit
340 2709 463 2770 formula
488 2705 549 2770 σδν
571 2706 646 2791 δίκῃ
669 2708 830 2790 χρησδεὶς
845 2707 963 2787 δικαίᾳ
984 2716 1013 2770 et
1035 2708 1254 2790 praepositione
1277 2704 1338 2769 σδν

194 2825 261 2868 cum
284 2807 399 2887 passivo
422 2823 528 2888 genere
551 2809 707 2870 coniuncta
723 2827 777 2888 pro
799 2809 863 2870 solo
878 2808 975 2870 dativo
997 2815 1026 2870 et
1050 2807 1129 2870 verbi
1150 2807 1246 2868 forma
1269 2824 1337 2885 pas·

193 2904 255 2966 sira
285 2908 444 2990 χρησθείς
471 2914 501 2966 et
527 2905 719 2969 attributione
749 2904 866 2968 δικαία
899 2906 1076 2968 substantivi
1103 2902 1188 2988 δίκη.
1241 2905 1337 2985 Atque

196 3003 351 3068 lormrrlam
388 3014 534 3070 vetustam
568 3024 633 3068 esse
665 3005 784 3084 iamque
815 3004 885 3068 inde
919 3003 956 3068 ab
989 3003 1119 3084 antiquis
1151 3004 1337 3085 temporibus

194 3101 278 3166 libris
302 3121 392 3166 manu
415 3105 532 3184 scriptis
547 3105 684 3166 traditam
700 3123 765 3167 esse
778 3103 953 3166 scholiastae
966 3103 1107 3166 Laurent.
1123 3103 1219 3166 verbis
1241 3103 1338 3166 inter·

194 3202 355 3281 pretantis:
379 3200 495 3281 δικαίᾳ
517 3205 624 3286 κρίσει
646 3200 849 3286 χρησάμενος
871 3203 891 3264 i.
908 3222 933 3264 e.
954 3207 1029 3266 teuto
1050 3203 1154 3266 mdicto
1175 3222 1245 3264 cros
1267 3219 1337 3283 pro·
1448 3273 1452 3284 ¹

195 3299 290 3362 batur.
334 3301 423 3381 Atqui
445 3302 506 3364 ueri
534 3303 616 3364 nullo
639 3303 728 3364 modo
757 3311 869 3382 potest,
896 3311 931 3364 ut
959 3303 1121 3384 χρησθαίς
1146 3301 1338 3381 participium

194 3399 296 3461 aoristi
318 3400 425 3480 passivi
448 3401 537 3462 activa
562 3401 606 3462 vel
629 3401 724 3463 media
748 3402 774 3462 ri
797 3401 845 3462 bic
866 3400 998 3481 positum
1021 3399 1173 3462 habeatur.
1201 3400 1335 3462 ⁴Nullum

195 3500 275 3560 enirn
298 3498 376 3560 aliud
399 3498 487 3561 buius
502 3498 603 3561 aoristi
618 3519 673 3580 pro
689 3499 787 3561 medio
809 3499 977 3582 exemplum
1000 3499 1032 3562 in
1051 3498 1207 3580 graecitate
1230 3497 1338 3576 legitur

195 3606 312 3679 praeter
335 3617 438 3672 unum,
462 3599 540 3679 quod
564 3599 648 3678 vulgo
671 3598 762 3662 citant
777 3597 888 3678 Polybii
912 3596 1173 3682 συγχρησθῆναι,
1188 3597 1222 3668 ll,
1239 3596 1289 3674 32,
1306 3597 1336 3658 7.

195 3697 260 3770 Quo
284 3698 348 3760 loco
371 3697 555 3778 optimorum
572 3698 706 3760 codicum
723 3715 799 3779 quae
814 3697 941 3760 traditur
954 3696 1044 3759 lectio
1058 3706 1102 3758 est
1117 3694 1335 3778 συκχρῆοδαν.

195 3797 256 3858 lam
289 3796 379 3876 igitur
410 3796 567 3858 Triclinius
600 3797 809 3876 grammaticus
841 3796 890 3856 ille
918 3795 1098 3876 Byzantinus
1130 3795 1288 3876 χρησδείς
1320 3811 1337 3854 a

193 3891 282 3979 χράα
305 3885 468 3958 derivatum
491 3913 545 3976 per
567 3892 812 3977 παραγγελθείς
834 3895 852 3954 i.
869 3915 893 3956 c
917 3903 1038 3974 rogatus
1060 3894 1229 3975 explicavit,
1252 3894 1335 3954 cuius

194 3993 373 4058 sententiam
396 3994 547 4058 Hermann
569 4001 688 4056 secutus
704 3993 895 4056 scribendum
916 4011 982 4056 esso
1007 3994 1166 4076 χρῃσδείς
1188 4011 1255 4054 curn
1278 3992 1336 4054 iota

193 4092 377 4174 subscripto,
407 4095 533 4156 formam
561 4093 642 4156 verbi
663 4089 787 4182 χρῄζω,
810 4092 934 4154 censuit.
979 4091 1115 4154 Nominis
1138 4097 1237 4153 autem
1260 4089 1335 4176 δίκη

194 4192 415 4257 attributionem
438 4188 554 4254 δικαία
575 4191 692 4254 Boeolrb
715 4190 905 4254 doctissimus
927 4191 984 4264 ille,
1006 4190 1058 4271 qui
1080 4190 1170 4252 vortit
1188 4199 1221 4252 et
1242 4191 1335 4253 inter·

193 4299 327 4374 pretatus
349 4299 395 4356 eet
415 4291 491 4354 bane
504 4288 644 4365 tabulam,
667 4309 734 4354 oum
756 4291 788 4353 in
803 4290 951 4371 Antigona
966 4309 1019 4353 sua
1034 4291 1104 4352 anni
1122 4289 1202 4352 1843
1219 4309 1248 4370 p.
1264 4289 1335 4360 217,

194 4398 258 4452 tum
280 4389 312 4452 iu
335 4390 485 4470 encyclop.
508 4398 539 4452 et
559 4391 689 4452 method.
711 4391 832 4453 litterar.
853 4390 992 4471 philolog.
1016 4409 1045 4470 p.
1063 4391 1123 4450 110
1144 4388 1334 4468 tautologiam

195 4507 260 4552 esse
293 4497 395 4568 nogat,
428 4489 508 4570 quod
531 4488 676 4568 Antigona
709 4488 754 4552 bis
786 4489 883 4552 verbis
915 4497 996 4552 recte
1017 4494 1158 4570 queratur
1179 4487 1334 4550 bominum

1141 4589 1175 4642 4*
